,id,ISIN,symbol,name,first_price,close_price,last_trade,count,volume,value,min_traded_price,max_treaded_price,yesterday_price,table_id,group_id,max_allowed_price,min_allowed_price,ret_last,ret_close,number_of_shares,Market_cap,bid_price1,bid_vol1,ask_price1,ask_vol1,bid_price4,bid_vol4,ask_price4,ask_vol4,bid_price3,bid_vol3,ask_price3,ask_vol3,bid_price2,bid_vol2,ask_price2,ask_vol2,bid_price5,bid_vol5,ask_price5,ask_vol5,Individual_buy_count,NonIndividual_buy_count,Individual_buy_volume,NonIndividual_buy_volume,Individual_sell_count,NonIndividual_sell_count,Individual_sell_volume,NonIndividual_sell_volume,proportion_buy_ind,proportion_sell_ind,valueBuy_ind,valueSell_ind,percapitaBuy_ind,percapitaSell_ind,powerRatio_ind
0,114312662654155,IRO3SAIZ0001,وسپهر,سرمایه گذاری مالی سپهرصادرات,6870.0,6850.0,6850.0,744,1863915.0,12775699370.0,6850.0,6900.0,6850,2,56,7260.0,6440.0,0.0,0.0,30000000000.0,205500000000000,6850.0,13369983.0,6860.0,10000.0,6740.0,1055.0,6900.0,45466.0,6800.0,4395.0,6880.0,1100.0,6830.0,10000.0,6870.0,7856.0,6700.0,2749.0,6910.0,4135.0,124.0,1.0,594863.0,1269052.0,580.0,3.0,1861535.0,2380.0,0.31914706410968313,0.9987231177387381,4077326945.8834286,12759386306.099232,32881668.918414745,21998941.90706764,1.494693201942171
1,204092872752957,IRO3SDFZ0001,شصدف,صنعتی دوده فام,32600.0,33300.0,33350.0,505,536059.0,17846145850.0,32600.0,34050.0,33150,2,44,34800.0,31500.0,0.006033182503770739,0.004524886877828055,700000000.0,23310000000000,33200.0,5640.0,33600.0,264.0,33050.0,9020.0,33800.0,11969.0,33100.0,1347.0,33750.0,156.0,33150.0,1116.0,33700.0,12941.0,33000.0,1619.0,33850.0,21.0,159.0,0.0,536059.0,0.0,286.0,0.0,536059.0,0.0,1.0,1.0,17846145850.0,17846145850.0,112239911.0062893,62399111.36363637,1.7987421383647797
2,318005355896147,IRO7PFSP0001,فسا,پتروشیمی فسا,791.0,814.0,797.0,181,3093881.0,2506608930.0,791.0,838.0,815,4,44,839.0,791.0,-0.022085889570552148,-0.001226993865030675,3486000000.0,2837604000000,796.0,21483.0,797.0,411191.0,0.0,0.0,817.0,10000.0,791.0,236032.0,815.0,6590.0,792.0,79513.0,814.0,8700.0,0.0,0.0,818.0,15000.0,44.0,0.0,3093881.0,0.0,81.0,0.0,3093881.0,0.0,1.0,1.0,2506608930.0,2506608930.0,56968384.77272727,30945789.259259257,1.840909090909091
3,408934423224097,IRO1FRVR0001,فرآور,فرآوری‌موادمعدنی‌ایران‌,23220.0,23580.0,23520.0,226,292421.0,6904592000.0,23220.0,24100.0,23560,1,27,24970.0,22150.0,-0.001697792869269949,0.0008488964346349745,660000000.0,15562800000000,23520.0,27.0,23530.0,41738.0,23460.0,4135.0,23760.0,50.0,23500.0,839.0,23700.0,2537.0,23510.0,1750.0,23570.0,10074.0,23450.0,304.0,23780.0,20.0,86.0,1.0,276556.0,15865.0,52.0,0.0,292421.0,0.0,0.9457460305518414,1.0,6529990476.58,6904592000.0,75930121.82069768,132780615.38461539,0.5718464370778576
4,611986653700161,IRO3SBZZ0001,سبزوا,سیمان لار سبزوار,3330.0,3284.0,3256.0,2085,40088199.0,131658354128.0,3162.0,3338.0,3150,2,53,3339.0,2961.0,0.03365079365079365,0.04253968253968254,3757797579.0,12340607249436,3335.0,100000.0,3335.0,121290.0,3226.0,354028.0,3338.0,61932.0,3230.0,2000.0,3337.0,222000.0,3240.0,3000.0,3336.0,50000.0,3225.0,47865.0,3339.0,2452197.0,410.0,2.0,36778199.0,3310000.0,598.0,5.0,35054485.0,5033714.0,0.9174320602429658,0.8744340198470877,120787595075.84901,115126543846.59845,294603890.42890006,192519304.09130177,1.5302563647808791
5,655060129740445,IRO1OPAL0001,اپال,فرآوری معدنی اپال کانی پارس,19010.0,19220.0,19000.0,324,152244.0,2883457610.0,18810.0,19220.0,19230,1,13,20190.0,18270.0,-0.011960478419136765,-0.0005200208008320333,20000000000.0,384400000000000,19000.0,1505.0,19010.0,13450.0,18840.0,2037.0,19060.0,1000.0,18870.0,290.0,19050.0,41030.0,18900.0,30126.0,19030.0,11139.0,18830.0,5000.0,19070.0,10600.0,56.0,1.0,82042.0,70202.0,239.0,0.0,152244.0,0.0,0.5388849478468773,1.0,1553851903.7835317,2883457610.0,27747355.424705923,12064676.192468619,2.2998839738464945
6,778253364357513,IRO1BMLT0001,وبملت,بانک ملت,2723.0,2743.0,2754.0,2143,83568146.0,229205634626.0,2723.0,2780.0,2722,1,57,2885.0,2559.0,0.011756061719324026,0.007714915503306392,262042862000.0,718783570466000,2754.0,9366.0,2762.0,6500.0,2750.0,1854.0,2766.0,316850.0,2752.0,9240.0,2765.0,7877.0,2753.0,1396.0,2764.0,112000.0,2740.0,20000.0,2767.0,2800.0,655.0,5.0,77064095.0,6504051.0,581.0,8.0,50480937.0,33087209.0,0.9221706916891516,0.6040691270092314,211366718622.10938,138456047614.1247,322697280.3390983,238306450.28248656,1.3541273429929215
7,793710053482057,IRO7PYAP0001,لپيام,گسترش صنایع پیام,18900.0,18950.0,18850.0,117,389408.0,7341926300.0,18850.0,18950.0,19400,4,32,19950.0,18850.0,-0.028350515463917526,-0.023195876288659795,180000000.0,3411000000000,0.0,0.0,18850.0,164859.0,0.0,0.0,19150.0,6952.0,0.0,0.0,19100.0,878.0,0.0,0.0,19000.0,19850.0,0.0,0.0,19200.0,2661.0,62.0,2.0,372748.0,16660.0,31.0,0.0,389408.0,0.0,0.95721710904758,1.0,7027817467.726396,7341926300.0,113351894.64074832,236836332.2580645,0.47860855452379003
8,831325835570803,IRO7CNAP0001,ثنام,س ساختمانی ب نام آوران مهندسی,4980.0,4950.0,4920.0,138,833760.0,4131666150.0,4850.0,5080.0,4950,4,70,5090.0,4810.0,-0.006060606060606061,0.0,500000000.0,2475000000000,4920.0,6661.0,4990.0,2100.0,4850.0,1394.0,5030.0,20073.0,4870.0,50000.0,5020.0,15500.0,4910.0,53393.0,5000.0,10200.0,4810.0,25141.0,5040.0,24428.0,41.0,1.0,778421.0,55339.0,69.0,1.0,797202.0,36558.0,0.9336271828823642,0.9561528497409326,3857435828.234924,3950504363.5006475,94083800.68865667,57253686.427545615,1.643279351238273
9,917857106093847,IRO3HPRZ0001,حپارسا,توسعه حمل و نقل ریلی پارسیان,37600.0,37700.0,37900.0,91,239345.0,8976954600.0,37000.0,38200.0,38050,2,60,40300.0,35800.0,-0.003942181340341655,-0.009198423127463863,250000000.0,9425000000000,37450.0,500.0,37950.0,860.0,37300.0,33096.0,38150.0,1391.0,37350.0,4000.0,38100.0,1028.0,37400.0,1276.0,38050.0,3400.0,37200.0,10000.0,38200.0,20600.0,31.0,4.0,169662.0,69683.0,41.0,1.0,174908.0,64437.0,0.7088595959806974,0.7307777476028328,6363400410.893063,6560158662.920889,205270980.9965504,160003869.82733876,1.2829126021643082
10,1301069819790264,IRO3TMMZ0001,تجلي,تجلی توسعه معادن و فلزات,1301.0,1310.0,1311.0,728,17274182.0,22622007074.0,1301.0,1320.0,1302,2,13,1367.0,1237.0,0.0069124423963133645,0.006144393241167435,62000000000.0,81220000000000,1309.0,3843.0,1314.0,13850.0,1306.0,5420.0,1320.0,644238.0,1307.0,40740.0,1319.0,53900.0,1308.0,162311.0,1318.0,124655.0,1305.0,38175.0,1322.0,1150.0,218.0,0.0,17274182.0,0.0,246.0,1.0,17264182.0,10000.0,1.0,0.9994211013870296,22622007074.0,22608911225.482254,103770674.65137614,91906143.19301729,1.1290939979217873
11,1358190916156744,IRO1TAZB0001,وآذر,سرمایه‌گذاری‌توسعه‌آذربایجان‌,101000.0,100650.0,102010.0,719,684868.0,68932144800.0,98410.0,102010.0,97160,1,70,102010.0,92310.0,0.04991766158913133,0.03592013174145739,200000000.0,20130000000000,101600.0,60.0,102010.0,2802.0,100600.0,5000.0,103000.0,1000.0,100670.0,100.0,102700.0,500.0,101590.0,1100.0,102500.0,2000.0,100500.0,5608.0,103330.0,600.0,145.0,3.0,321032.0,363836.0,330.0,2.0,578314.0,106554.0,0.46875018251692296,0.8444167343196061,32311955456.282963,58207456601.66222,222841072.11229628,176386232.12624913,1.2633699888367529
12,1625149423498289,IRO3SMBZ0001,حسينا,توسعه خدمات دریایی وبندری سینا,38550.0,37200.0,37500.0,187,766750.0,28514416050.0,37050.0,38550.0,37100,2,60,39300.0,34900.0,0.01078167115902965,0.0026954177897574125,500000000.0,18600000000000,37450.0,13318.0,37500.0,36.0,37250.0,50640.0,37900.0,1000.0,37300.0,46060.0,37800.0,187.0,37350.0,71973.0,37750.0,1700.0,37200.0,11899.0,37950.0,7640.0,59.0,5.0,216057.0,550693.0,53.0,6.0,503447.0,263303.0,0.2817828496902511,0.6565986305836322,8034873411.8224325,18722526530.321945,136184295.11563444,353255217.55324423,0.38551248035029556
13,1822787329898392,IRO3CHPZ0001,كلر,کلر پارس,74100.0,75850.0,76000.0,747,403480.0,30597779550.0,74100.0,76900.0,73950,2,44,78350.0,69550.0,0.027721433400946585,0.025693035835023664,327500000.0,24840875000000,75900.0,100.0,76000.0,550.0,75700.0,315.0,76150.0,3111.0,75750.0,1091.0,76100.0,100.0,75800.0,400.0,76050.0,968.0,75500.0,1000.0,76200.0,1261.0,175.0,0.0,403480.0,0.0,274.0,0.0,403480.0,0.0,1.0,1.0,30597779550.0,30597779550.0,174844454.57142857,111670728.28467153,1.5657142857142856
14,2254054929817435,IRO1KDPS0001,غدام,خوراک‌  دام‌ پارس‌,35900.0,36350.0,36400.0,591,573255.0,20836484820.0,35500.0,36700.0,34980,1,42,36720.0,33240.0,0.04059462550028588,0.03916523727844483,160000000.0,5816000000000,36300.0,150.0,36420.0,1719.0,36050.0,3000.0,36500.0,7167.0,36110.0,2800.0,36440.0,2000.0,36170.0,631.0,36430.0,34996.0,36000.0,13895.0,36570.0,4500.0,169.0,1.0,567790.0,5465.0,193.0,0.0,573255.0,0.0,0.9904667207438226,1.0,20637844791.49384,20836484820.0,122117424.8017387,107961061.24352331,1.1311247165890992
15,2328862017676109,IRO1SPAH0001,وسپه,سرمایه‌گذاری‌ سپه‌,4044.0,4025.0,3999.0,508,5482892.0,21999288998.0,3995.0,4068.0,4044,1,56,4286.0,3802.0,-0.01112759643916914,-0.004698318496538081,23400000000.0,94185000000000,4000.0,4427.0,4015.0,16000.0,3994.0,2005.0,4025.0,1300.0,3995.0,4500.0,4020.0,62274.0,3998.0,2194.0,4019.0,50000.0,3992.0,2005.0,4029.0,55911.0,156.0,3.0,4282136.0,1200756.0,49.0,3.0,798555.0,4684337.0,0.7809995163136535,0.14564485311766126,17181434066.682278,3204083214.806691,110137397.86334793,65389453.36340186,1.6843296923015916
16,2400322364771558,IRO1TAMN0001,شستا,سرمایه گذاری تامین اجتماعی,922.0,924.0,927.0,5543,291561703.0,269316927240.0,919.0,935.0,921,1,39,967.0,875.0,0.006514657980456026,0.003257328990228013,1636013456000.0,1511676433344000,927.0,5482.0,927.0,124201.0,924.0,8506094.0,930.0,15470950.0,925.0,3562920.0,929.0,1567198.0,926.0,5686816.0,928.0,1220041.0,923.0,1013043.0,931.0,7559477.0,1595.0,22.0,165099021.0,126462682.0,2095.0,6.0,287659070.0,3902633.0,0.5662575684708495,0.9866147269691314,152502748366.9631,265712046637.05804,95613008.38054113,126831525.84107782,0.7538583782422199
17,2434703913394836,IRO1DMOR0001,غدشت,دشت‌ مرغاب‌,27000.0,27310.0,27990.0,1248,3811768.0,104099501940.0,25800.0,27990.0,26840,1,42,28180.0,25500.0,0.042846497764530554,0.01751117734724292,681919542.0,18623222692020,27690.0,58.0,28000.0,26336.0,27430.0,5000.0,28100.0,16997.0,27620.0,360.0,28080.0,2164.0,27640.0,4500.0,28020.0,18000.0,27310.0,500.0,28160.0,4000.0,221.0,0.0,3811768.0,0.0,377.0,0.0,3811768.0,0.0,1.0,1.0,104099501940.0,104099501940.0,471038470.31674206,276125999.8408488,1.7058823529411764
18,2589887561569709,IRO1ZMYD0001,خزاميا,زامیاد,11300.0,11550.0,11570.0,1822,18337097.0,211764036870.0,11300.0,11570.0,11020,1,34,11570.0,10470.0,0.0499092558983666,0.04809437386569873,5529892000.0,63870252600000,11570.0,2949554.0,11660.0,10000.0,11500.0,38754.0,12090.0,50000.0,11510.0,500.0,12000.0,4000.0,11550.0,3850.0,11930.0,16823.0,11460.0,500.0,12290.0,20000.0,469.0,1.0,17237097.0,1100000.0,781.0,3.0,18009784.0,327313.0,0.940012314926403,0.9821502280322779,199060802516.32886,207984097100.90622,424436679.13929397,266304861.84495035,1.593799963691283
19,2944500421562364,IRO1TOSA0001,وتوصا,گروه س توسعه صنعتی ایران,7300.0,7170.0,7200.0,386,5222527.0,37421469620.0,7110.0,7300.0,7150,1,56,7570.0,6730.0,0.006993006993006993,0.002797202797202797,4000000000.0,28680000000000,7200.0,370906.0,7220.0,13683.0,7150.0,2786.0,7250.0,1873.0,7180.0,6000.0,7240.0,707.0,7190.0,6062.0,7230.0,1000.0,7140.0,2000.0,7260.0,750.0,147.0,1.0,4620563.0,601964.0,107.0,0.0,5222527.0,0.0,0.8847370248157644,1.0,33108159695.832314,37421469620.0,225225576.16212457,349733360.93457943,0.6439922561584135
20,3050342257199174,IRO7NJSP0001,قنقش,قند نقش جهان,113350.0,115650.0,113350.0,2,94.0,10654900.0,113350.0,113350.0,115650,4,38,117950.0,113350.0,-0.01988759187202767,0.0,139000000.0,16075350000000,0.0,0.0,113350.0,67425.0,0.0,0.0,117900.0,5000.0,0.0,0.0,116500.0,2150.0,0.0,0.0,116450.0,49.0,0.0,0.0,117950.0,22722.0,2.0,0.0,94.0,0.0,1.0,0.0,94.0,0.0,1.0,1.0,10654900.0,10654900.0,5327450.0,10654900.0,0.5
21,3149396562827132,IRO1LIRZ0001,وايران,لیزینگ ایرانیان,2687.0,2616.0,2667.0,174,1995937.0,5248908613.0,2609.0,2687.0,2609,1,58,2765.0,2453.0,0.022230739747029514,0.0026830203142966655,1630000000.0,4264080000000,2622.0,2000.0,2669.0,48000.0,2611.0,2000.0,2680.0,60000.0,2615.0,4000.0,2675.0,5000.0,2620.0,10000.0,2670.0,193000.0,2610.0,5000.0,2681.0,5000.0,54.0,3.0,1831070.0,164867.0,60.0,0.0,1995937.0,0.0,0.9173986954498062,1.0,4815341914.101452,5248908613.0,89172998.40928614,87481810.21666667,1.019331883833118
22,3173544097113770,IRO7STNP0001,شستان,پتروشیمی گلستان,4099.0,4035.0,4099.0,31,90475.0,366974108.0,3962.0,4107.0,4033,4,44,4113.0,3953.0,0.016364988842053063,0.0004959087527894868,473000000.0,1908555000000,4100.0,2744.0,4102.0,1244.0,3953.0,5000.0,4113.0,54944.0,3964.0,3970.0,4110.0,1381.0,3980.0,12000.0,4106.0,5771.0,0.0,0.0,4277.0,23640.0,11.0,0.0,90475.0,0.0,18.0,0.0,90475.0,0.0,1.0,1.0,366974108.0,366974108.0,33361282.545454547,20387450.444444444,1.6363636363636365
23,3407806799514469,IRO3URPZ0001,شاروم,پتروشیمی ارومیه,13630.0,13400.0,13420.0,962,870374.0,11665568590.0,13340.0,13660.0,13340,2,44,14000.0,12680.0,0.005997001499250375,0.004497751124437781,700000000.0,9380000000000,13420.0,1198.0,13470.0,31.0,13380.0,777.0,13500.0,613.0,13390.0,1080.0,13490.0,32.0,13400.0,654.0,13480.0,46.0,13370.0,344.0,13590.0,835.0,119.0,2.0,799492.0,70882.0,795.0,1.0,870358.0,16.0,0.9185614459990763,0.9999816170979372,10715541552.431807,11665354142.995104,90046567.66749418,14673401.43772969,6.136720790310936
24,3492952121304423,IRO3PKDZ0001,غديس,پاکدیس,9480.0,9840.0,10040.0,352,2367622.0,23306079700.0,9410.0,10040.0,9480,2,42,10040.0,8920.0,0.05907172995780591,0.0379746835443038,1169538892.0,11508262697280,10040.0,2067271.0,0.0,0.0,9870.0,30575.0,0.0,0.0,9900.0,1006.0,0.0,0.0,9950.0,20486.0,0.0,0.0,9860.0,20000.0,0.0,0.0,84.0,2.0,2206231.0,161391.0,157.0,2.0,1967532.0,400090.0,0.9318341356855107,0.8310160996983471,21717400633.467125,19367727451.552822,258540483.7317515,123361321.34747021,2.095798593171063
25,3493306453706327,IRO1SHOY0001,شوينده,مدیریت صنعت شوینده ت.ص.بهشهر,12700.0,12650.0,12600.0,309,1294570.0,16372010760.0,12260.0,12850.0,12510,1,44,13260.0,11760.0,0.007194244604316547,0.011191047162270184,1000000000.0,12650000000000,12600.0,100.0,12650.0,8000.0,12530.0,17413.0,12800.0,1683.0,12540.0,1470.0,12750.0,435.0,12560.0,2400.0,12730.0,4000.0,12520.0,46595.0,12810.0,2000.0,127.0,1.0,1187813.0,106757.0,93.0,1.0,1068846.0,225724.0,0.9175347798883027,0.8256378565855844,15021889289.005524,13517351871.882524,118282592.82681514,145347869.59013468,0.8137896562251604
26,3542690854557886,IRO5KLSS0001,كيا,کیا الکترود شرق,0.0,7661.0,7661.0,0,0.0,0.0,0.0,0.0,7661,2,28,99999.0,1.0,0.0,0.0,220468000.0,1689005348000,0.0,0.0,7400.0,850000.0,0.0,0.0,7661.0,6328365.0,0.0,0.0,7600.0,2000000.0,0.0,0.0,7500.0,800000.0,0.0,0.0,0.0,0.0,,,,,,,,,,,,,,,
27,3623921205367364,IRO1DMVN0001,كدما,معدنی‌ دماوند,54950.0,55180.0,54970.0,1589,1362835.0,75199028990.0,54130.0,56220.0,53550,1,13,56220.0,50880.0,0.026517273576097105,0.030438842203548085,250000000.0,13795000000000,54960.0,1077.0,54980.0,11892.0,54800.0,1261.0,55280.0,2900.0,54810.0,500.0,55260.0,5058.0,54930.0,9395.0,55250.0,293.0,54700.0,1500.0,55300.0,5893.0,594.0,0.0,1362835.0,0.0,497.0,0.0,1362835.0,0.0,1.0,1.0,75199028990.0,75199028990.0,126597691.90235691,151305893.34004024,0.8367003367003367
28,3654864906585643,IRO1TKNO0001,تكنو,تکنوتار,8660.0,9050.0,8660.0,39,206496.0,1788255360.0,8660.0,8660.0,9110,1,29,9560.0,8660.0,-0.04939626783754116,-0.006586169045005488,245549000.0,2222218450000,0.0,0.0,8660.0,3311127.0,0.0,0.0,9000.0,5000.0,0.0,0.0,8750.0,50000.0,0.0,0.0,8730.0,43074.0,0.0,0.0,9050.0,14000.0,24.0,1.0,156496.0,50000.0,6.0,0.0,206496.0,0.0,0.7578645591197892,1.0,1355255360.0,1788255360.0,56468973.333333336,298042560.0,0.1894661397799473
29,3722699128879020,IRO1TAYD0001,حتايد,تایدواترخاورمیانه,4422.0,4513.0,4480.0,388,8658976.0,39076498605.0,4421.0,4580.0,4466,1,60,4733.0,4199.0,0.003134796238244514,0.01052395879982087,7035988643.0,31753416745859,4480.0,2030.0,4547.0,2000.0,4457.0,5000.0,4565.0,10000.0,4465.0,30000.0,4562.0,1009.0,4470.0,50000.0,4555.0,2000.0,4455.0,30608.0,4573.0,3500.0,129.0,2.0,8067088.0,591888.0,97.0,1.0,8647142.0,11834.0,0.9316445732151238,0.9986333256957867,36405407865.5966,39023093758.45792,282212464.07439226,402299935.6542053,0.7014976614785403
30,3863538898378476,IRO1MSKN0001,ثمسكن,سرمایه‌گذاری‌ مسکن‌,2600.0,2711.0,2731.0,321,6805025.0,18446646090.0,2580.0,2731.0,2577,1,70,2731.0,2423.0,0.05975941016686069,0.05199844780752813,6300000000.0,17079300000000,2731.0,8810220.0,2795.0,8000.0,2630.0,20000.0,2993.0,10000.0,2648.0,33000.0,2960.0,20000.0,2704.0,88000.0,2942.0,3000.0,2624.0,400000.0,3000.0,10000.0,59.0,0.0,6805025.0,0.0,151.0,2.0,6365941.0,439084.0,1.0,0.9354765044948402,18446646090.0,17256404003.926613,312655018.4745763,114280821.21805704,2.73584854520782
31,4159532151694984,IRO7FBSP0001,فبستم,صنایع ‌بسته‌بندی‌ مشهد,16390.0,16890.0,16890.0,0,0.0,0.0,0.0,0.0,16890,4,28,17390.0,16390.0,0.0,0.0,282711334.0,4774994431260,0.0,0.0,16390.0,1071601.0,0.0,0.0,17930.0,11839.0,0.0,0.0,17390.0,31913.0,0.0,0.0,16400.0,2400.0,0.0,0.0,0.0,0.0,,,,,,,,,,,,,,,
32,4247709727327181,IRO3KARZ0001,مفاخر,توسعه فناوری اطلاعات خوارزمی,36950.0,37150.0,37300.0,279,481185.0,17886413750.0,36100.0,37300.0,35200,2,72,37300.0,33100.0,0.05965909090909091,0.05539772727272727,170000000.0,6315500000000,37300.0,140106.0,38200.0,150.0,36650.0,271.0,40950.0,500.0,36750.0,408.0,40900.0,400.0,36850.0,3143.0,38300.0,133.0,36600.0,422.0,41350.0,7754.0,66.0,1.0,471185.0,10000.0,135.0,1.0,381185.0,100000.0,0.979217972297557,0.7921797229755707,17514697803.95014,14169254289.501438,265374209.15075973,104957439.18149213,2.5283982842976505
33,4267564158935326,IRO7BSOP0001,قيستو,شرکت قند بیستون,23400.0,23050.0,22500.0,103,228874.0,5256965150.0,22500.0,23650.0,23150,4,38,23800.0,22500.0,-0.028077753779697623,-0.004319654427645789,480000000.0,11064000000000,22500.0,2250.0,22550.0,52350.0,0.0,0.0,23400.0,11405.0,0.0,0.0,23350.0,15968.0,0.0,0.0,23300.0,2725.0,0.0,0.0,23450.0,12323.0,37.0,0.0,228874.0,0.0,19.0,1.0,105289.0,123585.0,1.0,0.4600304097450999,5256965150.0,2418363831.9702106,142080139.1891892,127282306.94580056,1.1162599311598733
34,4369934250728330,IRO1ZARM0001,غزر,صنعتی زر ماکارون,7200.0,7440.0,7530.0,2688,18291048.0,136055230020.0,7200.0,7530.0,7180,1,42,7530.0,6830.0,0.04874651810584958,0.036211699164345405,8000000000.0,59520000000000,7530.0,327958.0,7600.0,18165.0,7500.0,6263.0,8040.0,320.0,7510.0,13455.0,7810.0,33332.0,7520.0,4351.0,7650.0,27000.0,7460.0,2410.0,0.0,0.0,449.0,7.0,13892930.0,4398118.0,1164.0,6.0,9888155.0,8402893.0,0.7595480587006278,0.5406007900695466,103340485837.75838,73551564841.9059,230156984.04845965,63188629.58926623,3.6423797373753475
35,4384288570322406,IRO1EXIR0001,دلر,داروسازی‌ اکسیر,18650.0,18930.0,19190.0,212,331867.0,6326467060.0,18650.0,19260.0,18860,1,43,19800.0,17920.0,0.017497348886532343,0.003711558854718982,2250000000.0,42592500000000,19150.0,1112.0,19220.0,4190.0,19050.0,11600.0,19310.0,345.0,19090.0,1700.0,19300.0,1515.0,19100.0,2000.0,19290.0,360.0,19000.0,2600.0,19320.0,1313.0,71.0,2.0,318367.0,13500.0,61.0,0.0,331867.0,0.0,0.9593210533135262,1.0,6069113043.752527,6326467060.0,85480465.40496518,103712574.75409836,0.824205412001762
36,4470657233334072,IRO1SKHS0001,سخاش,سیمان‌خاش‌,55000.0,55240.0,55340.0,102,47109.0,2609271040.0,55000.0,55980.0,55210,1,53,57970.0,52450.0,0.00235464589748234,0.0005433798224959246,200000000.0,11048000000000,55350.0,180.0,55600.0,500.0,55300.0,92.0,55800.0,37.0,55310.0,6665.0,55700.0,1090.0,55320.0,100.0,55630.0,43.0,55250.0,5100.0,55980.0,2600.0,48.0,1.0,40504.0,6605.0,43.0,0.0,47109.0,0.0,0.8597932454520367,1.0,2243433615.745611,2609271040.0,46738200.32803357,60680721.86046512,0.7702314490507829
37,4507558419857064,IRO3MACZ0001,زماهان,مجتمع تولید گوشت مرغ ماهان,6420.0,6570.0,6570.0,284,1618131.0,10629845010.0,6410.0,6710.0,6590,2,01,6980.0,6200.0,-0.0030349013657056147,-0.0030349013657056147,1130000000.0,7424100000000,6570.0,7382.0,6600.0,6533.0,6480.0,5000.0,6640.0,139896.0,6500.0,39664.0,6630.0,1000.0,6510.0,1000.0,6620.0,12953.0,6450.0,7790.0,6650.0,5000.0,103.0,2.0,1364473.0,253658.0,105.0,2.0,1596756.0,21375.0,0.8432401332154195,0.9867903154936157,8963511922.291662,10489428111.066137,87024387.59506468,99899315.34348702,0.8711209610981411
38,4528607775462304,IRO1SFNO0001,سفانو,سیمان فارس نو,38890.0,38940.0,38900.0,75,324134.0,12637474420.0,38460.0,39100.0,38690,1,53,41010.0,36370.0,0.005427759110881365,0.006461617989144482,500000000.0,19470000000000,38800.0,1700.0,38900.0,537.0,38610.0,130.0,39000.0,8870.0,38650.0,8076.0,38990.0,469.0,38690.0,250.0,38980.0,11033.0,38490.0,500.0,39100.0,14150.0,27.0,1.0,174134.0,150000.0,41.0,0.0,324134.0,0.0,0.5372284302171324,1.0,6789210544.565765,12637474420.0,251452242.39132464,308231083.41463417,0.8157913199593491
39,4563413583000719,IRO1SDAB0001,ساراب,سیمان‌ داراب‌,16850.0,16910.0,17000.0,97,227440.0,3886050680.0,16470.0,17290.0,16850,1,53,17860.0,15840.0,0.008902077151335312,0.0035608308605341245,1260000000.0,21306600000000,17020.0,41170.0,17180.0,869.0,16890.0,1001.0,17250.0,13971.0,16940.0,407.0,17220.0,796.0,16990.0,3895.0,17190.0,502.0,16850.0,4400.0,17270.0,1000.0,50.0,1.0,157119.0,70321.0,53.0,0.0,227440.0,0.0,0.6908151600422089,1.0,2684542722.4363346,3886050680.0,53690854.44872669,73321710.94339623,0.7322640696447414
40,4614779520007780,IRO1ARDK0001,كسرا,سرامیک‌های‌صنعتی‌اردکان‌,6450.0,6750.0,6770.0,770,10975680.0,74110159740.0,6450.0,6770.0,6390,1,54,6770.0,6010.0,0.0594679186228482,0.056338028169014086,3671273000.0,24781092750000,6770.0,601994.0,7160.0,5000.0,6650.0,800.0,7960.0,742.0,6670.0,67216.0,7440.0,10000.0,6700.0,1100.0,7340.0,2000.0,6640.0,3765.0,8130.0,683.0,192.0,2.0,9535671.0,1440009.0,216.0,3.0,6677679.0,4298001.0,0.8688000196798741,0.6084068595294323,64386908240.590614,45089129546.63797,335348480.41974276,208745970.12332395,1.6064907994229731
41,4686607974846832,IRO7SFAP0001,سفارود,کارخانه فارسیت درود,8160.0,8280.0,8480.0,349,6399193.0,53014571250.0,8160.0,8480.0,8320,4,54,8480.0,8160.0,0.019230769230769232,-0.004807692307692308,120960000.0,1001548800000,8480.0,329170.0,9300.0,2500.0,8440.0,659232.0,14970.0,16312.0,8450.0,69721.0,13490.0,450.0,8460.0,51000.0,12760.0,15980.0,8220.0,5000.0,15980.0,2000.0,29.0,7.0,1142777.0,5256416.0,265.0,1.0,5999193.0,400000.0,0.1785814242514642,0.9374921181467726,9467417639.905727,49700742693.8055,326462677.23812854,187549972.4294547,1.7406703557950383
42,4733285133017464,IRO1FKAS0001,فخاس,فولاد خراسان,18800.0,18820.0,18320.0,145,210148.0,3865270770.0,18170.0,18800.0,18840,1,27,19780.0,17900.0,-0.027600849256900213,-0.0010615711252653928,11900000000.0,223958000000000,18400.0,289.0,18450.0,11772.0,18220.0,23734.0,18510.0,275.0,18280.0,300.0,18470.0,9800.0,18320.0,635.0,18460.0,10000.0,18180.0,279.0,18520.0,1967.0,52.0,2.0,138048.0,72100.0,33.0,2.0,124970.0,85178.0,0.6569084645107258,0.5946761330110208,2539129086.438891,2298584274.544131,48829405.50844021,69654068.92557973,0.7010273234807123
43,4758266259250794,IRO1SZPO0001,خپويش,سازه‌ پویش‌,19450.0,19110.0,19340.0,140,524899.0,10169608450.0,19020.0,19500.0,18670,1,34,19600.0,17740.0,0.035886448848419926,0.023567220139260846,1764061944.0,33711223749840,19050.0,7777.0,19340.0,18700.0,19000.0,633.0,19400.0,10643.0,19030.0,268.0,19390.0,1170.0,19040.0,523.0,19370.0,314.0,17800.0,450.0,19430.0,17201.0,44.0,0.0,524899.0,0.0,48.0,0.0,524899.0,0.0,1.0,1.0,10169608450.0,10169608450.0,231127464.77272728,211866842.70833334,1.0909090909090908
44,4942127026063388,IRO1BAMA0001,كاما,باما,4580.0,4654.0,4650.0,1339,17038076.0,79297023651.0,4570.0,4760.0,4535,1,13,4807.0,4263.0,0.025358324145534728,0.02624035281146637,10000000000.0,46540000000000,4650.0,11125.0,4660.0,10688.0,4637.0,200000.0,4704.0,10000.0,4638.0,202000.0,4700.0,275119.0,4640.0,9067.0,4693.0,125528.0,4632.0,1100.0,4705.0,10000.0,458.0,0.0,17038076.0,0.0,392.0,2.0,14128916.0,2909160.0,1.0,0.8292553689747598,79297023651.0,65757482606.310265,173137606.22489083,167748680.11813843,1.0321249985571106
45,5054819322815158,IRO1MAGS0001,زمگسا,کشاورزی‌ ودامپروی‌ مگسال‌,18000.0,17570.0,17590.0,138,404250.0,7161981850.0,17580.0,18160.0,17400,1,01,18270.0,16530.0,0.010919540229885057,0.009770114942528735,300000000.0,5271000000000,17460.0,7901.0,17750.0,1500.0,17030.0,2350.0,17870.0,11418.0,17100.0,800.0,17840.0,350.0,17400.0,3000.0,17760.0,3500.0,17020.0,300.0,18020.0,1000.0,51.0,1.0,354250.0,50000.0,56.0,0.0,404250.0,0.0,0.8763141620284477,1.0,6276146123.345701,7161981850.0,123061688.69305296,127892533.03571428,0.9622273151684916
46,5128151910501174,IRO7HFZP0001,وحافظ,بیمه حافظ,12070.0,12540.0,12750.0,341,3648213.0,45762417150.0,12070.0,12790.0,12420,4,66,12790.0,12050.0,0.026570048309178744,0.00966183574879227,500000000.0,6270000000000,12750.0,2000.0,12760.0,7300.0,12560.0,400.0,13480.0,380.0,12590.0,450.0,12790.0,140283.0,12610.0,3400.0,12780.0,2263.0,12510.0,410000.0,13800.0,20000.0,65.0,8.0,609168.0,3039045.0,137.0,3.0,3503993.0,144220.0,0.16697709262041444,0.9604683169540813,7641275366.989592,43953351779.81109,117558082.56907064,320827385.25409555,0.3664215960740525
47,5187018329202415,IRO1PELC0001,لپارس,پارس‌ الکتریک‌,73300.0,73300.0,73020.0,954,575381.0,42173255940.0,72020.0,74980.0,73740,1,32,77420.0,70060.0,-0.009764035801464606,-0.005966910767561703,300000000.0,21990000000000,73010.0,100.0,73050.0,481.0,72920.0,2402.0,73500.0,297.0,72930.0,2698.0,73490.0,400.0,72940.0,136.0,73100.0,670.0,72900.0,1174.0,73700.0,310000.0,366.0,1.0,569381.0,6000.0,298.0,0.0,575381.0,0.0,0.9895721269906375,1.0,41733478582.666336,42173255940.0,114025897.76684791,141520993.08724833,0.8057171962929234
48,5305844922895340,IRO3AVLZ0001,داوه,داروسازی آوه سینا,5350.0,5320.0,5360.0,310,1934938.0,10282968600.0,5080.0,5400.0,5340,2,43,5660.0,5020.0,0.003745318352059925,-0.003745318352059925,696000000.0,3702720000000,5310.0,2124.0,5350.0,15000.0,5270.0,11000.0,5380.0,99212.0,5290.0,10424.0,5370.0,33918.0,5300.0,6000.0,5360.0,1000.0,5260.0,11143.0,5390.0,55000.0,91.0,1.0,1744288.0,190650.0,89.0,1.0,1834938.0,100000.0,0.9014697111742082,0.9483187575002403,9269784733.855452,9751532006.165985,101865766.30610387,109567775.35017961,0.9297055268352392
49,5317427172344706,IRO3HEDZ0001,هجرت,پخش هجرت,17090.0,17090.0,16970.0,205,555286.0,9452387620.0,16510.0,17710.0,17220,2,43,18080.0,16360.0,-0.014518002322880372,-0.007549361207897794,1600000000.0,27344000000000,16750.0,30300.0,16990.0,707.0,16530.0,2000.0,17350.0,5.0,16550.0,2000.0,17280.0,320.0,16630.0,1500.0,17130.0,251.0,16510.0,406.0,17400.0,6478.0,76.0,5.0,371370.0,183916.0,41.0,2.0,149011.0,406275.0,0.6687904971492168,0.2683500034216602,6321667015.626902,2536548250.1698585,83179829.15298554,61867030.49194777,1.3444936421154352
50,5427792638736934,IRO3FAAZ0001,زفكا,کشت و دامداری فکا,7110.0,7410.0,7450.0,281,1620207.0,12115495820.0,7110.0,7620.0,7190,2,01,7620.0,6760.0,0.03616133518776078,0.030598052851182198,1500000000.0,11115000000000,7450.0,100.0,7490.0,5000.0,7300.0,2700.0,7550.0,35608.0,7340.0,900.0,7540.0,5000.0,7390.0,58618.0,7500.0,45000.0,7210.0,50000.0,7560.0,500.0,82.0,3.0,1566266.0,53941.0,106.0,1.0,1566240.0,53967.0,0.9667073404818026,0.966691293149579,11712138742.770596,11711944321.384119,142830960.2776902,110490040.7677747,1.2927043857091958
51,5516102131364383,IRO3MNOZ0001,غمينو,شرکت صنایع غذایی مینو شرق,5400.0,5800.0,5810.0,1085,21189666.0,123002854890.0,5400.0,5810.0,5490,2,42,5810.0,5170.0,0.058287795992714025,0.056466302367941715,1500000000.0,8700000000000,5790.0,28444.0,6000.0,10000.0,5750.0,5000.0,6090.0,1800.0,5770.0,1554.0,6070.0,16893.0,5780.0,6000.0,6050.0,124000.0,5740.0,15400.0,6100.0,16807.0,334.0,3.0,19892610.0,1297056.0,302.0,4.0,11089178.0,10100488.0,0.93878827537914,0.5233295324239655,115473638008.89372,64371026536.39658,345729455.1164483,213149094.4913794,1.6220076183829668
52,5564768007356822,IRO3HRLZ0001,حريل,ریل پردازسیر,3125.0,3109.0,3140.0,209,2730540.0,8490512083.0,3050.0,3150.0,3095,2,60,3280.0,2910.0,0.014539579967689823,0.004523424878836834,3732150000.0,11603254350000,3130.0,200000.0,3140.0,161259.0,3059.0,5000.0,3149.0,7873.0,3060.0,1650.0,3148.0,18000.0,3110.0,200000.0,3147.0,10000.0,3050.0,79638.0,3150.0,283967.0,48.0,3.0,598928.0,2131612.0,78.0,2.0,2677004.0,53536.0,0.21934415903081442,0.9803936217744476,1862344232.5866034,8324043891.7720785,38798838.17888757,106718511.43297537,0.36356240035502374
53,5599691633622269,IRO3MLIZ0001,بخاور,بیمه زندگی خاورمیانه,2080.0,2024.0,2053.0,109,2019518.0,4132770570.0,2023.0,2090.0,2016,2,66,2136.0,1896.0,0.018353174603174604,0.003968253968253968,2400000000.0,4857600000000,2053.0,85671.0,2073.0,25397.0,2046.0,35000.0,2080.0,68254.0,2047.0,50000.0,2079.0,5000.0,2052.0,13273.0,2074.0,28666.0,2024.0,102500.0,2088.0,2465.0,37.0,1.0,1844518.0,175000.0,38.0,2.0,927852.0,1091666.0,0.9133456597069202,0.4594423025692269,3774648062.6739945,1898769626.6711364,102017515.20740525,49967621.754503585,2.0416724195645837
54,5866848234665627,IRO1DSBH0001,دسبحان,سبحان دارو,6510.0,6640.0,6600.0,91,498963.0,3313991810.0,6510.0,6680.0,6640,1,43,6970.0,6310.0,-0.006024096385542169,0.0,2430000000.0,16135200000000,6590.0,1000.0,6680.0,18961.0,6550.0,100000.0,6710.0,20000.0,6560.0,10000.0,6700.0,766166.0,6570.0,800.0,6690.0,23000.0,6540.0,2000.0,6730.0,10000.0,29.0,5.0,340068.0,158895.0,38.0,0.0,498963.0,0.0,0.6815495337329621,1.0,2258649572.9003553,3313991810.0,77884468.03104673,87210310.78947368,0.893064906270778
55,5920901446678689,IRO3TAVZ0001,وتعاون,بیمه تعاون,1021.0,1082.0,1110.0,401,16431286.0,17771468226.0,1006.0,1110.0,1058,2,66,1110.0,1006.0,0.04914933837429111,0.022684310018903593,5000000000.0,5410000000000,1110.0,6579401.0,1132.0,64274.0,1058.0,4800.0,0.0,0.0,1060.0,4900.0,0.0,0.0,1072.0,10000.0,0.0,0.0,1044.0,5000.0,0.0,0.0,85.0,1.0,15908286.0,523000.0,112.0,1.0,15454286.0,977000.0,0.9681704767356615,0.9405402595998876,17205810864.65908,16714781338.753195,202421304.29010683,149239119.09601066,1.3563555287396347
56,5987841496184505,IRO3TPEZ0001,شگويا,پتروشیمی تندگویان,9510.0,9520.0,9600.0,780,2589092.0,24835289050.0,9510.0,9640.0,9500,2,44,9970.0,9030.0,0.010526315789473684,0.002105263157894737,23957666000.0,228076980320000,9590.0,7271.0,9600.0,2668.0,9560.0,64000.0,9630.0,47963.0,9570.0,25050.0,9620.0,28153.0,9580.0,6736.0,9610.0,15000.0,9550.0,30208.0,9640.0,84101.0,218.0,1.0,2586092.0,3000.0,425.0,2.0,2360271.0,228821.0,0.9988412926230509,0.9116211397663737,24806512217.369102,22640374510.18834,113791340.44664726,53271469.43573727,2.136065358285576
57,6043384171800349,IRO1PMSZ0001,ثشرق,سرمایه گذاری مسکن شمال شرق,3222.0,3274.0,3339.0,170,2814423.0,9262914808.0,3180.0,3355.0,3245,1,70,3407.0,3083.0,0.02896764252696456,0.008936825885978428,1100000000.0,3601400000000,3339.0,151106.0,3349.0,5000.0,3252.0,30000.0,3383.0,60000.0,3258.0,10000.0,3380.0,10000.0,3271.0,11460.0,3350.0,15108.0,3251.0,20000.0,3388.0,40000.0,34.0,0.0,2814423.0,0.0,69.0,1.0,2774423.0,40000.0,1.0,0.9857874953409633,9262914808.0,9131265588.13504,272438670.8235294,132337182.43673971,2.0586706306352074
58,6110133418282108,IRO1PARS0001,پارس,پتروشیمی پارس,2435.0,2395.0,2420.0,600,9196946.0,22235794263.0,2400.0,2436.0,2390,1,44,2509.0,2271.0,0.012552301255230125,0.0020920502092050207,476049076692.0,1140137538677340,2419.0,2200.0,2425.0,154568.0,2415.0,25000.0,2434.0,3278.0,2416.0,58248.0,2432.0,5553.0,2418.0,30000.0,2430.0,82917.0,2413.0,18174.0,2435.0,15105.0,287.0,5.0,6387210.0,2809736.0,163.0,1.0,8576946.0,620000.0,0.6944924978356946,0.9325863172405274,15442592299.071476,20736797482.64922,53806941.808611415,127219616.45797068,0.4229453232661452
59,6116572045021585,IRO3TJPZ0001,شجم,صنایع پتروشیمی تخت جمشید,8800.0,8690.0,8740.0,288,1536972.0,13363075340.0,8590.0,8990.0,8590,2,44,9010.0,8170.0,0.017462165308498253,0.011641443538998836,6500000000.0,56485000000000,8620.0,11558.0,8750.0,582.0,8560.0,5000.0,8790.0,45296.0,8590.0,328448.0,8780.0,10000.0,8600.0,1000.0,8760.0,10000.0,8550.0,200000.0,8800.0,6434.0,76.0,4.0,678635.0,858337.0,85.0,1.0,1506972.0,30000.0,0.4415402492693426,0.9804811018027655,5900335616.628605,13102242832.836565,77635994.95563954,154144033.327489,0.5036587747168704
60,6131290133202745,IRO1MRAM0001,غمهرا,تولیدی‌مهرام‌,10000.0,10360.0,10400.0,123,551316.0,5722069710.0,10000.0,10490.0,10340,1,42,10850.0,9830.0,0.005802707930367505,0.0019342359767891683,1000000000.0,10360000000000,10350.0,6331.0,10410.0,4460.0,10260.0,2540.0,10440.0,10000.0,10310.0,9631.0,10430.0,20000.0,10320.0,100000.0,10420.0,20000.0,10220.0,682.0,10450.0,20000.0,41.0,0.0,551316.0,0.0,45.0,0.0,551316.0,0.0,1.0,1.0,5722069710.0,5722069710.0,139562675.85365853,127157104.66666667,1.097560975609756
61,6433335428452486,IRO7TONP0001,خعمرا,توسعه و عمران شهرستان نائین,13440.0,13060.0,13440.0,21,19774.0,265762560.0,13440.0,13440.0,13050,4,34,13440.0,12660.0,0.029885057471264367,0.0007662835249042146,654546000.0,8548370760000,13440.0,2591770.0,0.0,0.0,13360.0,400.0,0.0,0.0,13420.0,20457.0,0.0,0.0,13430.0,1100.0,0.0,0.0,13120.0,2844.0,0.0,0.0,6.0,0.0,19774.0,0.0,10.0,0.0,19774.0,0.0,1.0,1.0,265762560.0,265762560.0,44293760.0,26576256.0,1.6666666666666667
62,6478064539164167,IRO3RPEZ0001,ريشمك,تولید و صادرات ریشمک,17330.0,18450.0,18590.0,436,1926041.0,35531653060.0,17330.0,18590.0,17540,2,43,18590.0,16490.0,0.05986316989737742,0.05188141391106044,300000000.0,5535000000000,18310.0,400.0,18590.0,7033.0,18120.0,300.0,19500.0,559.0,18220.0,546.0,19400.0,1078.0,18260.0,336.0,19000.0,351.0,18080.0,1300.0,20700.0,246.0,133.0,1.0,1925728.0,313.0,167.0,1.0,1785518.0,140523.0,0.9998374904791746,0.9270404939458714,35525878828.08708,32939281203.455734,267111870.8878728,197241204.8111122,1.3542397043440906
63,6506179926371994,IRO7PAIP0001,آريان,سرمایه گذاری پارس آریان,7700.0,7810.0,7850.0,212,2091523.0,16091957350.0,7600.0,7850.0,7830,4,56,8060.0,7600.0,0.002554278416347382,-0.002554278416347382,40000000000.0,312400000000000,7790.0,2410.0,7850.0,85000.0,7760.0,5055.0,7900.0,12608.0,7770.0,2670.0,7880.0,100000.0,7780.0,3000.0,7860.0,27887.0,7750.0,2545.0,7910.0,100800.0,59.0,3.0,958466.0,1133057.0,83.0,1.0,1876523.0,215000.0,0.4582622328322471,0.897204094815118,7374336305.85229,14437770028.010235,124988750.94664899,173949036.482051,0.7185366097704484
64,6757220448540984,IRO1SIMS0001,سشمال,سیمان‌ شمال‌,7600.0,7640.0,7870.0,111,509888.0,3977998220.0,7600.0,7870.0,7580,1,53,8030.0,7130.0,0.03825857519788918,0.0079155672823219,1700000000.0,12988000000000,7770.0,3504.0,7900.0,2300.0,7640.0,1806.0,7990.0,3600.0,7710.0,47000.0,7980.0,25676.0,7720.0,14370.0,7950.0,652.0,7610.0,10000.0,8000.0,22751.0,29.0,1.0,494833.0,15055.0,58.0,1.0,465788.0,44100.0,0.9704739079954814,0.9135104179741433,3860543478.5624685,3633942816.6525984,133122188.91594718,62654186.494010314,2.124713388923716
65,6847536925606808,IRO3MOIZ0001,ومعلم,بیمه معلم,1357.0,1319.0,1329.0,229,6286454.0,8424280267.0,1281.0,1357.0,1293,2,66,1357.0,1229.0,0.027842227378190254,0.020108275328692964,5810000000.0,7663390000000,1315.0,15856.0,1330.0,180664.0,1299.0,4000.0,1342.0,41733.0,1300.0,7610.0,1335.0,24940.0,1311.0,10000.0,1331.0,35000.0,1293.0,7710.0,1345.0,70000.0,75.0,1.0,6190454.0,96000.0,77.0,2.0,4973640.0,1312814.0,0.9847290698380995,0.7911678030253622,8295633671.378366,6665019310.912301,110608448.95171155,86558692.3495104,1.2778433447803488
66,7183333492448248,IRO1DARO0001,وپخش,داروپخش‌ (هلدینگ‌,35300.0,33650.0,34180.0,216,341792.0,11571143670.0,32130.0,35300.0,33590,1,43,35600.0,31580.0,0.017564751414111342,0.0017862459065197975,3550000000.0,119457500000000,34010.0,165.0,34190.0,150.0,33500.0,200.0,34300.0,3900.0,33600.0,7286.0,34240.0,271.0,33840.0,380.0,34200.0,200.0,33310.0,195.0,34400.0,580.0,74.0,1.0,332292.0,9500.0,78.0,1.0,331792.0,10000.0,0.9722053178541336,0.9707424398464564,11249527409.628195,11232600238.02968,152020640.6706513,144007695.35935488,1.0556424800167867
67,7235435095059069,IRO1KVRZ0001,پكوير,کویر تایر,3652.0,3745.0,3789.0,187,2429419.0,9149783321.0,3652.0,3816.0,3711,1,25,3933.0,3489.0,0.021018593371059015,0.009161950956615468,4360000000.0,16328200000000,3774.0,311.0,3790.0,30000.0,3739.0,14700.0,3812.0,1640.0,3740.0,14585.0,3799.0,180489.0,3741.0,8365.0,3794.0,22000.0,3735.0,15000.0,3814.0,2064.0,74.0,2.0,2106619.0,322800.0,65.0,1.0,1491419.0,938000.0,0.8671287250161458,0.6138994549725675,7934039945.312726,5617046993.878988,107216756.01773953,86416107.59813829,1.2407033711392177
68,7300125658580126,IRO3IKAZ0001,زكشت,کشاورزی مکانیزه اصفهان کشت,21150.0,21000.0,20950.0,343,652940.0,13727500400.0,20750.0,21300.0,20800,2,01,22000.0,19600.0,0.007211538461538462,0.009615384615384616,300000000.0,6300000000000,20800.0,2395.0,20950.0,1211.0,20600.0,1953.0,21100.0,25500.0,20700.0,17000.0,21050.0,19792.0,20750.0,2000.0,21000.0,448.0,20450.0,10000.0,21150.0,10238.0,181.0,0.0,652940.0,0.0,92.0,0.0,652940.0,0.0,1.0,1.0,13727500400.0,13727500400.0,75842543.64640884,149211960.86956522,0.5082872928176796
69,7385624172574740,IRO1RENA0001,ورنا,سرمایه‌گذاری‌ رنا(هلدینگ‌,4700.0,4800.0,4810.0,1404,34047499.0,163259937740.0,4620.0,4810.0,4540,1,34,4810.0,4270.0,0.05947136563876652,0.05726872246696035,11675108000.0,56040518400000,4810.0,29393920.0,4880.0,50000.0,4780.0,10587.0,4980.0,1100.0,4790.0,107937.0,4950.0,51129.0,4800.0,443512.0,4930.0,1051.0,4770.0,1300.0,5090.0,9963.0,371.0,2.0,33027499.0,1020000.0,517.0,6.0,31403363.0,2644136.0,0.9700418524133007,0.9223397877183285,158368972430.18973,150581136318.01913,426870545.63393456,291259451.2921066,1.465602382138056
70,7395271748414592,IRO1IKHR0001,وخارزم,سرمایه گذاری خوارزمی,3740.0,3782.0,3805.0,1544,21225156.0,80269815584.0,3740.0,3819.0,3726,1,56,3949.0,3503.0,0.021202361782071927,0.015029522275899088,18700000000.0,70723400000000,3802.0,4000.0,3805.0,22000.0,3795.0,5000.0,3809.0,172652.0,3799.0,2703.0,3807.0,1500.0,3800.0,2000.0,3806.0,20000.0,3794.0,27000.0,3810.0,288525.0,587.0,3.0,20863850.0,361306.0,420.0,5.0,19125811.0,2099345.0,0.9829774631573969,0.9010916574653208,78903419690.8724,72330461169.0222,134418091.46656287,172215383.73576716,0.7805231364975078
71,7457232989848872,IRO1TMKH0001,خمحور,تولیدمحورخودرو,2769.0,2796.0,2799.0,166,5750316.0,16076913244.0,2720.0,2799.0,2666,1,34,2799.0,2533.0,0.04988747186796699,0.04876219054763691,6325419000.0,17685871524000,2799.0,13588306.0,2821.0,3860.0,2738.0,2000.0,3090.0,6000.0,2741.0,153000.0,2907.0,3592.0,2798.0,6666.0,2832.0,1800.0,2735.0,2000.0,3127.0,2000.0,45.0,0.0,5750316.0,0.0,92.0,1.0,5575316.0,175000.0,1.0,0.9695668898891817,16076913244.0,15587642773.003275,357264738.75555557,169430899.70655733,2.108616193234608
72,7483280423474368,IRO1ATIR0001,خاهن,آهنگری‌ تراکتورسازی‌ ایران‌,4750.0,4805.0,4884.0,344,3539514.0,17081295388.0,4750.0,5000.0,4772,1,34,5058.0,4486.0,0.02347024308466052,0.0069153394803017606,14418606750.0,69281405433750,4880.0,17000.0,4890.0,27780.0,4851.0,1599.0,4910.0,30000.0,4853.0,8159.0,4909.0,1811.0,4860.0,51344.0,4900.0,64864.0,4848.0,15056.0,4920.0,31213.0,153.0,2.0,3313109.0,226405.0,99.0,2.0,1877243.0,1662271.0,0.9360350036756458,0.5303674459261921,15988690391.291372,9059363008.044405,104501244.3875253,91508717.2529738,1.1419813054381909
73,7503669593172728,IRO7SESP0001,ثاصفا,شرکت‌ ساختمان‌ اصفهان‌,12210.0,12050.0,12150.0,113,479614.0,5796370480.0,11900.0,12300.0,12000,4,70,12360.0,11640.0,0.0125,0.004166666666666667,160000000.0,1928000000000,12100.0,18000.0,12250.0,100000.0,12000.0,55000.0,12300.0,34291.0,12020.0,2500.0,12280.0,1724.0,12040.0,4350.0,12270.0,700.0,11900.0,68515.0,12330.0,1883.0,15.0,3.0,125716.0,353898.0,50.0,0.0,479614.0,0.0,0.262119120792971,1.0,1519339534.0079312,5796370480.0,101289302.26719542,115927409.6,0.8737304026432366
74,7628308021169118,IRO3KAHZ0001,بكهنوج,تولید برق ماهتاب کهنوج,1016.0,1019.0,1038.0,345,13058246.0,13318056951.0,1010.0,1038.0,1009,2,40,1059.0,959.0,0.028741328047571853,0.009910802775024777,16050495533.0,16355454948127,1029.0,48300.0,1038.0,200000.0,1019.0,182000.0,1046.0,210000.0,1024.0,255000.0,1040.0,26500.0,1027.0,69403.0,1039.0,214936.0,1017.0,200000.0,1047.0,9655.0,80.0,2.0,8996850.0,4061396.0,85.0,0.0,13058246.0,0.0,0.6889784431997988,1.0,9175854144.54624,13318056951.0,114698176.80682799,156683022.95294118,0.7320395958997863
75,7711282667602555,IRO1PARK0001,شاراك,پتروشیمی شازند,33880.0,33440.0,33630.0,448,730758.0,24590550860.0,33460.0,33880.0,33370,1,44,35370.0,31370.0,0.007791429427629608,0.002097692538207971,8064000000.0,269660160000000,33630.0,2962.0,33700.0,7885.0,33600.0,11800.0,33750.0,33084.0,33610.0,1482.0,33720.0,10000.0,33620.0,5660.0,33710.0,12000.0,33570.0,300.0,33760.0,9320.0,182.0,5.0,469589.0,261169.0,122.0,2.0,465918.0,264840.0,0.6426053495137926,0.6375817986255368,15802019530.126991,15678487646.51154,86824283.13256589,128512193.82386507,0.6756112439537421
76,7745894403636165,IRO1PNES0001,شپنا,پالایش نفت اصفهان,6450.0,6450.0,6470.0,4149,52338829.0,337724213100.0,6410.0,6500.0,6450,1,23,6830.0,6070.0,0.0031007751937984496,0.0,190000000000.0,1225500000000000,6470.0,785.0,6470.0,839136.0,6440.0,80369.0,6500.0,1791231.0,6450.0,114721.0,6490.0,654573.0,6460.0,292396.0,6480.0,590227.0,6430.0,5695277.0,6510.0,190875.0,1403.0,13.0,40415981.0,11922848.0,1618.0,15.0,47186200.0,5152629.0,0.7721988010087119,0.9015524592649943,260790232427.4307,304476094873.64,185880422.25761276,188180528.35206428,0.9877771302132371
77,7920014658832193,IRO7GRDZ0001,وگردش,بانک گردشگری,10360.0,10670.0,10360.0,31,114449.0,1185691640.0,10360.0,10360.0,10680,4,57,11000.0,10360.0,-0.0299625468164794,-0.0009363295880149813,15000000000.0,160050000000000,0.0,0.0,10360.0,3896310.0,0.0,0.0,10610.0,9080.0,0.0,0.0,10500.0,5003.0,0.0,0.0,10370.0,3000.0,0.0,0.0,10650.0,29165.0,20.0,0.0,114449.0,0.0,1.0,0.0,114449.0,0.0,1.0,1.0,1185691640.0,1185691640.0,59284582.0,1185691640.0,0.05
78,8646067353086740,IRO3BLSZ0001,بالاس,مهندسی ساختمان تاسیسات راه آهن,21800.0,21850.0,21800.0,236,337681.0,7373003150.0,21550.0,22100.0,21300,2,45,22350.0,20250.0,0.023474178403755867,0.025821596244131457,150000000.0,3277500000000,21650.0,5260.0,21800.0,535.0,21400.0,931.0,21950.0,2241.0,21500.0,2550.0,21900.0,9081.0,21550.0,50250.0,21850.0,1840.0,21350.0,2260.0,22000.0,11660.0,89.0,0.0,337681.0,0.0,94.0,0.0,337681.0,0.0,1.0,1.0,7373003150.0,7373003150.0,82842732.0224719,78436203.72340426,1.0561797752808988
79,8725363201030474,IRO3IZIZ0001,فگستر,گسترش صنایع روی ایرانیان,8090.0,8270.0,8470.0,2101,14144488.0,116937122920.0,7700.0,8470.0,8070,2,27,8470.0,7670.0,0.04956629491945477,0.024783147459727387,1000000000.0,8270000000000,8470.0,1352360.0,8490.0,5000.0,8400.0,15553.0,8650.0,54.0,8410.0,10000.0,8580.0,5000.0,8420.0,604.0,8510.0,2500.0,8390.0,596.0,8710.0,584.0,405.0,0.0,14144488.0,0.0,1022.0,1.0,13644488.0,500000.0,1.0,0.9646505409032833,116937122920.0,112803458876.45172,288733636.83950615,110375204.38008974,2.615928445715204
80,8915450910866216,IRO1DZAH0001,دزهراوي,داروسازی‌زهراوی‌,3497.0,3433.0,3474.0,198,1322495.0,4597583961.0,3450.0,3497.0,3413,1,43,3583.0,3243.0,0.0178728391444477,0.005859947260474656,3204000000.0,10999332000000,3468.0,1447.0,3474.0,739.0,3461.0,10000.0,3490.0,2000.0,3462.0,1651.0,3489.0,8200.0,3467.0,21700.0,3481.0,10000.0,3460.0,101552.0,3497.0,1000.0,76.0,0.0,1322495.0,0.0,78.0,0.0,1322495.0,0.0,1.0,1.0,4597583961.0,4597583961.0,60494525.80263158,58943384.115384616,1.0263157894736843
81,8977369674477111,IRO1TBAS0001,كطبس,ذغال‌سنگ‌ نگین‌ ط‌بس‌,16940.0,17230.0,17310.0,50,58787.0,1003696990.0,16900.0,17580.0,17240,1,10,18100.0,16380.0,0.004060324825986079,-0.000580046403712297,785000000.0,13525550000000,17300.0,350.0,17320.0,5200.0,17070.0,500.0,17370.0,39004.0,17080.0,378.0,17350.0,5200.0,17290.0,1000.0,17330.0,4350.0,17060.0,600.0,17380.0,5470.0,26.0,1.0,40812.0,17975.0,25.0,0.0,58787.0,0.0,0.6942351200095259,1.0,696801700.3058499,1003696990.0,26800065.39637884,40147879.6,0.6675337692399287
82,8977441217024425,IRO1SEPA0001,فسپا,گروه‌صنعتی‌سپاهان‌,12070.0,12390.0,12510.0,330,2756904.0,34162509510.0,12010.0,12510.0,11920,1,27,12510.0,11330.0,0.04949664429530201,0.03942953020134228,1300000000.0,16107000000000,12510.0,35808.0,12980.0,1000.0,12470.0,192.0,13510.0,500.0,12490.0,2000.0,13450.0,1100.0,12500.0,3268.0,13260.0,50819.0,12440.0,5000.0,14090.0,781.0,108.0,1.0,2422386.0,334518.0,113.0,3.0,1199216.0,1557688.0,0.8786617161859825,0.4349864920940301,30017289235.27655,14860230172.883844,277937863.2895977,131506461.70693667,2.1134920648156794
83,9141577977527107,IRO7VIRP0001,وايرا,سرمایه گذاری صنایع ایران,1592.0,1633.0,1620.0,31,451808.0,731678261.0,1591.0,1640.0,1634,4,56,1683.0,1585.0,-0.008567931456548347,-0.0006119951040391676,2200000000.0,3592600000000,1603.0,9323.0,1620.0,26570.0,1593.0,5000.0,1644.0,100000.0,1600.0,100000.0,1643.0,4013.0,1601.0,84000.0,1621.0,68864.0,1590.0,3145.0,1650.0,26570.0,12.0,1.0,351808.0,100000.0,11.0,1.0,251808.0,200000.0,0.7786670444082442,0.5573340888164884,569733748.9506339,407789236.90126777,47477812.412552826,37071748.80920616,1.2807006396407847
84,9481703061634967,IRO1IPAR0001,پارسيان,بیمه پارسیان,3400.0,3409.0,3470.0,181,3865878.0,13190947296.0,3350.0,3480.0,3398,1,66,3601.0,3195.0,0.02118893466745144,0.003237198351971748,12000000000.0,40908000000000,3430.0,2500.0,3470.0,51500.0,3350.0,121938.0,3474.0,10000.0,3351.0,3000.0,3473.0,10000.0,3416.0,4905.0,3472.0,40000.0,3339.0,150000.0,3475.0,28709.0,23.0,1.0,353461.0,3512417.0,42.0,1.0,1067040.0,2798838.0,0.09143097635259054,0.2760149182152153,1206061190.288844,3640898239.086655,52437443.0560367,86688053.31158702,0.6048981497780126
85,9536587154100457,IRO1BPAS0001,وپاسار,بانک  پاسارگاد,8510.0,8510.0,8540.0,229,2850647.0,24267901320.0,8510.0,8540.0,8510,1,57,9020.0,8000.0,0.0035252643948296123,0.0,131040000000.0,1115150400000000,8520.0,317204.0,8540.0,139928.0,8480.0,25960.0,8580.0,400000.0,8500.0,54303.0,8570.0,115262.0,8510.0,129898.0,8550.0,76598.0,8460.0,600.0,8600.0,60000.0,29.0,2.0,150058.0,2700589.0,126.0,0.0,2850647.0,0.0,0.05263997962567796,1.0,1277461831.0427632,24267901320.0,44050407.966991834,192602391.42857143,0.22871163561501456
86,9698674686691945,IRO1KPRS0001,كپارس,کاشی‌ پارس‌,6950.0,7100.0,7050.0,327,2429507.0,17240172110.0,6950.0,7250.0,7010,1,49,7360.0,6660.0,0.005706134094151213,0.012838801711840228,1635471000.0,11611844100000,7040.0,10000.0,7150.0,33247.0,6960.0,12833.0,7200.0,37513.0,7020.0,19019.0,7180.0,10000.0,7030.0,5217.0,7170.0,6943.0,6950.0,9760.0,7210.0,20000.0,128.0,0.0,2429507.0,0.0,98.0,0.0,2429507.0,0.0,1.0,1.0,17240172110.0,17240172110.0,134688844.609375,175920123.57142857,0.765625
87,9987529074833218,IRO7ABYP0001,آبين,کشت و صنعت آبشیرین,7230.0,7230.0,7230.0,234,5710204.0,41284774920.0,7230.0,7230.0,7020,4,01,7230.0,6810.0,0.029914529914529916,0.029914529914529916,1802615058.0,13032906869340,7230.0,9551296.0,0.0,0.0,7130.0,4000.0,0.0,0.0,7210.0,60300.0,0.0,0.0,7220.0,10000.0,0.0,0.0,7000.0,854.0,0.0,0.0,69.0,1.0,5510204.0,200000.0,152.0,1.0,2710204.0,3000000.0,0.9649749816293779,0.47462472444066794,39838774920.0,19594774920.0,577373549.5652174,128912992.89473684,4.478784772584315
88,10024128313803797,IRO3GDSZ0001,زگلدشت,کشت و دام گلدشت نمونه اصفهان,7900.0,7860.0,7870.0,252,794159.0,6303218330.0,7740.0,8120.0,7810,2,01,8270.0,7350.0,0.0076824583866837385,0.006402048655569782,700000000.0,5502000000000,7860.0,15536.0,7870.0,959.0,7830.0,63295.0,8020.0,2700.0,7840.0,464.0,8010.0,7500.0,7850.0,10761.0,8000.0,7504.0,7810.0,5000.0,8030.0,7717.0,71.0,2.0,598677.0,195482.0,81.0,0.0,794159.0,0.0,0.7538502994992187,1.0,4751683025.879465,6303218330.0,66925113.04055585,77817510.24691358,0.8600263980202354
89,10055255678920880,IRO7MIVP0001,وملت,سرمایه گذاری ملت,1914.0,1928.0,1954.0,150,2168243.0,4159183044.0,1914.0,1974.0,1993,4,56,2072.0,1914.0,-0.019568489713998997,-0.03261414952333166,1000000000.0,1928000000000,0.0,0.0,0.0,0.0,0.0,0.0,0.0,0.0,0.0,0.0,0.0,0.0,0.0,0.0,0.0,0.0,0.0,0.0,0.0,0.0,66.0,1.0,2143243.0,25000.0,41.0,0.0,2168243.0,0.0,0.9884699270330862,1.0,4111227360.0199294,4159183044.0,62291323.6366656,101443488.87804878,0.6140495001266142
90,10114441830266109,IRO3DCAZ0001,گدنا,تهیه توزیع غذای دنا آفرین فدک,10620.0,10770.0,10730.0,1464,2137179.0,23009244690.0,10620.0,10950.0,10520,2,55,11040.0,10000.0,0.019961977186311788,0.02376425855513308,300000000.0,3231000000000,10730.0,2800.0,10740.0,4864.0,10660.0,2000.0,10770.0,4353.0,10690.0,5453.0,10760.0,40.0,10700.0,500.0,10750.0,370.0,10650.0,9130.0,10780.0,2909.0,304.0,1.0,2136321.0,858.0,950.0,3.0,1579415.0,557764.0,0.999598536201226,0.7390185847792815,23000007311.21983,17004259447.643997,75657918.78690733,17899220.471204206,4.226883450518071
91,10120557300120078,IRO1SHND0001,پسهند,صنایع‌ لاستیکی‌  سهند,30010.0,29610.0,30170.0,43,50760.0,1537816040.0,30010.0,30700.0,29530,1,25,31000.0,28060.0,0.021672875042329835,0.0027091093802912294,350000000.0,10363500000000,30180.0,298.0,30580.0,1838.0,30030.0,1062.0,30670.0,350.0,30150.0,46.0,30660.0,2416.0,30170.0,4007.0,30650.0,83.0,30010.0,500.0,30690.0,250.0,17.0,0.0,50760.0,0.0,25.0,0.0,50760.0,0.0,1.0,1.0,1537816040.0,1537816040.0,90459767.05882353,61512641.6,1.4705882352941175
92,10171945867136336,IRO1SITA0001,سيتا,سرمایه گذاری سیمان تامین,8460.0,8450.0,8470.0,841,1014178.0,8593786700.0,8410.0,8590.0,8440,1,53,8860.0,8020.0,0.0035545023696682463,0.001184834123222749,11000000000.0,92950000000000,8450.0,10101.0,8480.0,1156.0,8420.0,1605.0,8510.0,600.0,8430.0,99232.0,8500.0,1522.0,8440.0,3524.0,8490.0,500.0,8410.0,5087.0,8520.0,2452.0,125.0,3.0,671158.0,343020.0,684.0,2.0,1002097.0,12081.0,0.6617753491004538,0.9880878898970398,5687156193.487336,8491416566.628244,45497249.54789869,12414351.70559685,3.6648912989461095
93,10568944722570445,IRO1SEFH0001,سصفها,سیمان‌اصفهان‌,48900.0,51110.0,52200.0,1262,1781040.0,91026991440.0,47660.0,52500.0,50020,1,53,52520.0,47520.0,0.04358256697321072,0.02179128348660536,500000000.0,25555000000000,52000.0,4867.0,52200.0,2420.0,51610.0,11500.0,52240.0,11371.0,51620.0,5000.0,52230.0,49.0,51630.0,85477.0,52220.0,5000.0,51600.0,3765.0,52260.0,1270.0,304.0,1.0,1595807.0,185233.0,591.0,1.0,1701040.0,80000.0,0.895997282486637,0.9550824237524144,81559936963.17436,86938279611.40547,268289266.32623145,147103688.00576222,1.8238106057254135
94,10831074117626896,IRO7GHUP0001,قاروم,قند ارومیه,165600.0,162650.0,165600.0,38,26527.0,4392871200.0,165600.0,165600.0,160800,4,38,165600.0,156000.0,0.029850746268656716,0.011504975124378109,171600000.0,27910740000000,165600.0,57943.0,199850.0,3000.0,158000.0,100.0,0.0,0.0,160000.0,666.0,0.0,0.0,161000.0,200.0,0.0,0.0,157000.0,5035.0,0.0,0.0,5.0,0.0,26527.0,0.0,13.0,1.0,9367.0,17160.0,1.0,0.35311192370038075,4392871200.0,1551175200.0,878574240.0,119321169.23076923,7.363104515853529
95,10843114830116591,IRO7BRTP0001,نبروج,نساجی بروجرد,22950.0,22950.0,22950.0,2,200.0,4590000.0,22950.0,22950.0,22500,4,17,22950.0,22050.0,0.02,0.02,148212165.0,3401469186750,22950.0,1126413.0,0.0,0.0,0.0,0.0,0.0,0.0,0.0,0.0,0.0,0.0,22500.0,10500.0,0.0,0.0,0.0,0.0,0.0,0.0,1.0,0.0,200.0,0.0,2.0,0.0,200.0,0.0,1.0,1.0,4590000.0,4590000.0,4590000.0,2295000.0,2.0
96,11129387075131725,IRO1TMLT0001,تملت,تامین سرمایه بانک ملت,2367.0,2356.0,2439.0,341,857272.0,2051439300.0,2350.0,2441.0,2352,1,67,2493.0,2211.0,0.036989795918367346,0.0017006802721088435,21600000000.0,50889600000000,2432.0,5000.0,2439.0,43280.0,2396.0,500844.0,2450.0,14991.0,2400.0,4370.0,2441.0,2073.0,2410.0,2090.0,2440.0,10319.0,2390.0,2120.0,2460.0,630.0,28.0,2.0,482272.0,375000.0,228.0,1.0,856641.0,631.0,0.5625659067367184,0.9992639442324023,1154069809.919839,2049929326.2713583,41216778.92570853,8990918.097681396,4.584268088966091
97,11258722998911897,IRO1SKBV0001,وسكاب,س.ص.بازنشستگی کارکنان بانکها,2452.0,2460.0,2470.0,141,1638793.0,4074719481.0,2452.0,2501.0,2450,1,56,2597.0,2303.0,0.00816326530612245,0.004081632653061225,12000000000.0,29520000000000,2466.0,11275.0,2480.0,12289.0,2460.0,201942.0,2484.0,56889.0,2461.0,20000.0,2483.0,5000.0,2465.0,13800.0,2482.0,17500.0,2453.0,5400.0,2485.0,922.0,54.0,1.0,1632735.0,6058.0,62.0,0.0,1638793.0,0.0,0.9963033769365625,1.0,4059656778.989497,4074719481.0,75178829.24054624,65721281.951612905,1.1439038772234607
98,11403770140000603,IRO1VLMT0001,ولملت,واسپاری ملت,4080.0,3993.0,3905.0,169,2170269.0,8465859813.0,3870.0,4084.0,4116,1,58,4362.0,3870.0,-0.051263362487852286,-0.02988338192419825,1500000000.0,5989500000000,3905.0,7080.0,3966.0,511.0,3900.0,1500.0,4000.0,1500.0,3902.0,1290.0,3995.0,14000.0,3904.0,3902.0,3967.0,16000.0,3896.0,25000.0,4040.0,1260.0,74.0,3.0,1500689.0,669580.0,42.0,0.0,2170269.0,0.0,0.6914760336161093,1.0,5853939164.643257,8465859813.0,79107286.00869267,201568090.7857143,0.39245937043076473
99,11410725390226728,IRBKAA001101,عميلگرد,سلف میلگرد آتیه خاورمیانه,0.0,1445646.0,1445646.0,0,0.0,0.0,0.0,0.0,1445646,7,27,99999999.0,1.0,0.0,0.0,705566.0,1019998665636,1417300.0,7056.0,0.0,0.0,0.0,0.0,0.0,0.0,0.0,0.0,0.0,0.0,0.0,0.0,0.0,0.0,0.0,0.0,0.0,0.0,,,,,,,,,,,,,,,
100,11432067920374603,IRO1DSIN0001,دسينا,داروسازی‌ سینا,22350.0,22290.0,22600.0,47,183028.0,4164951170.0,22250.0,22850.0,22130,1,43,23230.0,21030.0,0.021238138273836422,0.0072300045187528245,800000000.0,17832000000000,22450.0,15531.0,22840.0,20864.0,22250.0,23922.0,23000.0,2000.0,22260.0,15180.0,22860.0,26000.0,22270.0,12946.0,22850.0,31000.0,22200.0,60975.0,23110.0,3602.0,13.0,1.0,139250.0,43778.0,27.0,1.0,153762.0,29266.0,0.7608125532705379,0.8401009681578775,3168747133.894814,3498979510.2472844,243749779.5303703,129591833.71286239,1.8809038544083614
101,11560002870991149,IRO7PGIP0001,وپسا,س. پتروشیمی ساختمان  خلیج فارس,1599.0,1629.0,1642.0,162,3509946.0,5680041225.0,1599.0,1650.0,1645,4,45,1694.0,1596.0,-0.00182370820668693,-0.009726443768996961,2500000000.0,4072500000000,1638.0,4000.0,1655.0,100000.0,1609.0,59210.0,1667.0,80000.0,1612.0,250000.0,1665.0,6000.0,1613.0,90000.0,1660.0,5000.0,1607.0,3124.0,1670.0,34000.0,61.0,1.0,3467484.0,42462.0,49.0,0.0,3509946.0,0.0,0.9879023779853023,1.0,5611326233.23205,5680041225.0,91988954.64314836,115919208.6734694,0.7935609265783576
102,11622051128546106,IRO1PAKS0001,شپاكسا,پاکسان‌,1570.0,1548.0,1535.0,288,4869044.0,7514663207.0,1470.0,1579.0,1554,1,44,1647.0,1461.0,-0.012226512226512226,-0.003861003861003861,9221398000.0,14274724104000,1535.0,1174.0,1550.0,32549.0,1528.0,112000.0,1560.0,5000.0,1529.0,10000.0,1557.0,18200.0,1530.0,31524.0,1556.0,8314.0,1526.0,359368.0,1565.0,13300.0,147.0,1.0,3772213.0,1096831.0,66.0,2.0,4619044.0,250000.0,0.7747338081151043,0.9486552185603581,5821863643.061572,7128824467.044066,39604514.57865015,108012491.9249101,0.3666660575351142
103,11773403764702778,IRO1BIME0001,وبيمه,سرمایه‌ گذاری‌ صنعت‌ بیمه‌,1410.0,1415.0,1440.0,187,2889346.0,4157188724.0,1410.0,1469.0,1406,1,56,1490.0,1322.0,0.02418207681365576,0.006401137980085348,5000000000.0,7075000000000,1425.0,10559.0,1440.0,133404.0,1419.0,12126.0,1449.0,20000.0,1420.0,9989.0,1448.0,65842.0,1424.0,8000.0,1447.0,12858.0,1412.0,97532.0,1450.0,3500.0,36.0,1.0,2349335.0,540011.0,85.0,0.0,2889346.0,0.0,0.8131026882900144,1.0,3380221327.2133346,4157188724.0,93895036.86703707,48908102.63529412,1.9198257917958672
104,11964419322927535,IRO1SROD0001,سرود,سیمان‌شاهرود,21000.0,20900.0,21080.0,81,148843.0,3127951420.0,20700.0,21100.0,20870,1,53,22120.0,19620.0,0.010062290368950648,0.0014374700527072352,810000000.0,16929000000000,20910.0,287.0,21190.0,2741.0,20800.0,1070.0,21650.0,1096.0,20850.0,910.0,21400.0,236.0,20870.0,1000.0,21200.0,238.0,20790.0,500.0,21800.0,4232.0,28.0,1.0,85303.0,63540.0,27.0,0.0,148843.0,0.0,0.573107233796685,1.0,1792651585.766613,3127951420.0,64023270.92023618,115850052.5925926,0.5526391183039463
105,12329519546621752,IRO1CHDN0001,چدن,تولیدی چدن سازان,1735.0,1705.0,1720.0,264,4062074.0,7015063218.0,1700.0,1742.0,1686,1,28,1787.0,1585.0,0.020166073546856466,0.011269276393831554,8629813000.0,14713831165000,1720.0,140000.0,1720.0,129869.0,1710.0,6000.0,1735.0,20000.0,1715.0,250000.0,1734.0,9182.0,1718.0,3100.0,1733.0,19500.0,1709.0,2548.0,1737.0,23662.0,101.0,1.0,3862074.0,200000.0,90.0,2.0,3626160.0,435914.0,0.9507640678136341,0.8926868392845625,6669670041.115482,6262254611.457811,66036337.04074735,69580606.79397568,0.9490623908509059
106,12387472624849835,IRO1DOSE0001,داسوه,داروسازی‌ اسوه‌,34370.0,33050.0,31920.0,56,45879.0,1510277720.0,31530.0,34370.0,33060,1,43,34710.0,31410.0,-0.034482758620689655,-0.00030248033877797946,750000000.0,24787500000000,31800.0,626.0,33380.0,8406.0,31500.0,660.0,33700.0,896.0,31570.0,4700.0,33690.0,300.0,31770.0,300.0,33580.0,5000.0,31410.0,300000.0,33730.0,2520.0,19.0,1.0,15758.0,30121.0,29.0,0.0,45879.0,0.0,0.34346868937858277,1.0,518733109.0860742,1510277720.0,27301742.583477587,52078542.06896552,0.5242416837883631
107,12490072956930435,IRO3ISMZ0001,مديريت,س. و خدمات مدیریت صند. ب کشوری,5790.0,6020.0,6060.0,1212,5591750.0,33669398690.0,5790.0,6100.0,5760,2,56,6100.0,5420.0,0.052083333333333336,0.04513888888888889,1500000000.0,9030000000000,6060.0,44656.0,6070.0,88716.0,6030.0,5750.0,6100.0,851454.0,6040.0,925.0,6090.0,234306.0,6050.0,12464.0,6080.0,19152.0,6020.0,5000.0,6190.0,30075.0,208.0,0.0,5591750.0,0.0,739.0,4.0,4791523.0,800227.0,1.0,0.8568914919300755,33669398690.0,28851021275.86263,161872109.08653846,39040624.189259306,4.1462479775380245
108,12638840758449459,IRO3PKSH0001,پخش,پخش البرز,34950.0,34200.0,34800.0,312,502286.0,17172423100.0,32900.0,34950.0,34600,2,43,36300.0,32900.0,0.005780346820809248,-0.011560693641618497,1400000000.0,47880000000000,34800.0,300.0,34850.0,1800.0,33550.0,400.0,35000.0,117782.0,34100.0,150.0,34950.0,77935.0,34150.0,3450.0,34900.0,61978.0,33250.0,10000.0,35300.0,2700.0,65.0,4.0,165749.0,336537.0,65.0,2.0,432972.0,69314.0,0.3299892889708254,0.8620029226377004,5666715688.675178,14802678900.971159,87180241.3642335,227733521.55340245,0.382816902709644
109,12746730665870442,IRO3BHPZ0001,بهپاك,صنعتی بهپاک,6140.0,6110.0,6270.0,163,1173077.0,7285882280.0,6020.0,6290.0,6020,2,42,6380.0,5660.0,0.04152823920265781,0.014950166112956811,3099000000.0,18934890000000,6190.0,80881.0,6270.0,73810.0,6080.0,6000.0,6310.0,880.0,6100.0,100000.0,6300.0,131025.0,6110.0,14206.0,6280.0,50000.0,6050.0,12000.0,6320.0,58728.0,30.0,0.0,1173077.0,0.0,79.0,1.0,975077.0,198000.0,1.0,0.8312131258220901,7285882280.0,6056120984.330576,242862742.66666666,76659759.29532374,3.1680603343804306
110,12752224677923341,IRO1RIIR0001,خريخت,صنایع‌ریخته‌گری‌ایران‌,3629.0,3537.0,3534.0,604,11169351.0,39507198194.0,3501.0,3633.0,3470,1,34,3643.0,3297.0,0.018443804034582133,0.01930835734870317,2187183447.0,7736067852039,3530.0,18176.0,3534.0,7500.0,3519.0,200000.0,3542.0,10000.0,3520.0,169000.0,3540.0,3299.0,3522.0,164488.0,3539.0,10000.0,3518.0,200000.0,3545.0,5000.0,162.0,1.0,8069351.0,3100000.0,124.0,1.0,10369351.0,800000.0,0.7224547782588263,0.928375426647439,28542164110.87377,36677511978.99968,176186198.2152702,295786386.92741674,0.5956535053741492
111,12777578088653944,IRO7HSIP0001,وحكمت,بیمه حکمت صبا,1610.0,1690.0,1695.0,392,12695620.0,21454900747.0,1610.0,1695.0,1646,4,66,1695.0,1597.0,0.02976913730255164,0.026731470230862697,3113475000.0,5261772750000,1695.0,2002864.0,0.0,0.0,1626.0,39507.0,0.0,0.0,1632.0,200000.0,0.0,0.0,1690.0,49251.0,0.0,0.0,1610.0,30000.0,0.0,0.0,110.0,2.0,12246551.0,449069.0,131.0,1.0,8544689.0,4150931.0,0.9646280370710528,0.6730422775728953,20695998793.132874,14440055263.861292,188145443.5739352,110229429.49512437,1.7068531011698396
112,12874072841236826,IRO1FSAZ0001,فسازان,غلتک سازان سپاهان,3091.0,3178.0,3191.0,516,5200661.0,16528002421.0,3091.0,3240.0,3118,1,27,3273.0,2963.0,0.023412443874278384,0.01924310455420141,3000000000.0,9534000000000,3185.0,31281.0,3209.0,1361.0,3175.0,20036.0,3228.0,8009.0,3178.0,5000.0,3220.0,5414.0,3180.0,23000.0,3211.0,13500.0,3173.0,5429.0,3229.0,6036.0,170.0,1.0,5180661.0,20000.0,170.0,2.0,4980661.0,220000.0,0.9961543349970321,0.9576976849673532,16464441260.520592,15828829655.72651,96849654.47365054,93110762.68074417,1.0401553127185328
113,12901875871456398,IRO7RAZP0001,ولراز,لیزینگ رازی,21100.0,20050.0,19900.0,337,718435.0,14400938350.0,19900.0,21100.0,20500,4,58,21100.0,19900.0,-0.02926829268292683,-0.02195121951219512,61000000.0,1223050000000,0.0,0.0,19900.0,133237.0,0.0,0.0,20600.0,5979.0,0.0,0.0,20500.0,9302.0,0.0,0.0,20000.0,3000.0,0.0,0.0,20700.0,3721.0,193.0,1.0,668435.0,50000.0,90.0,0.0,718435.0,0.0,0.9304042815286003,1.0,13398694698.869417,14400938350.0,69423288.59517832,160010426.1111111,0.43386728154183435
114,12965822877128721,IRO7QAZP0001,ثقزوي,شرکت عمران و سازندگی قزوین,10670.0,10670.0,10670.0,16,24135.0,257520450.0,10670.0,10670.0,10990,4,70,11310.0,10670.0,-0.029117379435850774,-0.029117379435850774,200000000.0,2134000000000,0.0,0.0,10670.0,4596195.0,0.0,0.0,11260.0,365.0,0.0,0.0,11000.0,400.0,0.0,0.0,10990.0,37508.0,0.0,0.0,11290.0,13928.0,13.0,0.0,24135.0,0.0,2.0,0.0,24135.0,0.0,1.0,1.0,257520450.0,257520450.0,19809265.384615384,128760225.0,0.15384615384615385
115,13227300125161435,IRO1SSOF0001,سصوفي,سیمان‌ صوفیان‌,20600.0,20090.0,20140.0,195,587720.0,11819714570.0,20020.0,20600.0,20020,1,53,21220.0,18820.0,0.005994005994005994,0.0034965034965034965,1100000000.0,22099000000000,20140.0,1658.0,20240.0,9464.0,20020.0,202977.0,20290.0,10000.0,20030.0,6000.0,20260.0,300.0,20130.0,130.0,20250.0,502.0,20010.0,260.0,20330.0,2000.0,52.0,2.0,488047.0,99673.0,53.0,0.0,587720.0,0.0,0.8304073368270605,1.0,9815177698.129704,11819714570.0,188753417.27172506,223013482.4528302,0.8463767086891192
116,13235547361447092,IRO3PZGZ0001,زاگرس,پتروشیمی زاگرس,113750.0,113050.0,113850.0,2697,1426280.0,161276129700.0,109100.0,113950.0,108550,2,44,113950.0,103150.0,0.048825426070935055,0.041455550437586364,2400000000.0,271320000000000,113750.0,47.0,113850.0,978.0,113200.0,45.0,114850.0,100.0,113250.0,50.0,113950.0,55191.0,113500.0,100.0,113900.0,104968.0,113150.0,580.0,115200.0,100.0,985.0,2.0,1364280.0,62000.0,799.0,6.0,1167322.0,258958.0,0.9565302745603949,0.8184381748324312,154265500621.97885,131994541235.70645,156614721.44363335,165199676.13980782,0.948032860010518
117,13243992182070788,IRO3RAPZ0001,درهآور,دارویی ره آورد تامین,34900.0,34500.0,33800.0,361,952948.0,32853102250.0,33450.0,35000.0,34300,2,43,36350.0,32250.0,-0.014577259475218658,0.0058309037900874635,250000000.0,8625000000000,33700.0,303.0,33800.0,695.0,33500.0,978.0,34450.0,5000.0,33550.0,9700.0,34400.0,2956.0,33600.0,200.0,34200.0,150.0,33450.0,297.0,34500.0,7016.0,125.0,1.0,871948.0,81000.0,106.0,1.0,559322.0,393626.0,0.9150006086376171,0.5869386367356876,30060608554.38387,19282755047.15315,240484868.43507096,181912783.46370894,1.3219789387866026
118,13281937213456378,IRO3RSKZ0001,حسير,ریل سیر کوثر,18700.0,18450.0,18250.0,380,992161.0,18309883010.0,17960.0,19250.0,18420,2,60,19520.0,17320.0,-0.009229098805646038,0.0016286644951140066,602947306.0,11124377795700,18230.0,1114.0,18250.0,300.0,18080.0,22000.0,18520.0,5100.0,18090.0,15314.0,18420.0,3454.0,18100.0,2000.0,18280.0,4045.0,18010.0,3881.0,18590.0,275.0,91.0,3.0,577823.0,414338.0,122.0,1.0,679023.0,313138.0,0.5823883422146204,0.6843879168804257,10663462412.337545,12531062691.538198,117180905.63008292,102713628.61916555,1.140850607708137
119,13611044044646901,IRO1BMEL0001,ملت,بیمه ملت,1150.0,1150.0,1170.0,406,9976260.0,11496279993.0,1132.0,1170.0,1139,1,66,1207.0,1071.0,0.027216856892010536,0.009657594381035996,30657213899.0,35255795983850,1160.0,392445.0,1171.0,5000.0,1142.0,9392.0,1175.0,70000.0,1150.0,1000000.0,1173.0,10000.0,1151.0,432753.0,1172.0,70000.0,1141.0,4396.0,1179.0,8700.0,98.0,3.0,4904641.0,5071619.0,163.0,0.0,9976260.0,0.0,0.49163123254606433,1.0,5651930302.65325,11496279993.0,57672758.19033928,70529325.11042945,0.8177131725000866
120,13937270451301973,IRO1TSBE0001,وبشهر,توسعه‌ صنایع‌ بهشهر(هلدینگ,6400.0,6410.0,6380.0,282,1700129.0,10776981920.0,6240.0,6450.0,6440,1,42,6820.0,6060.0,-0.009316770186335404,-0.004658385093167702,15000000000.0,96150000000000,6350.0,11000.0,6370.0,1050.0,6290.0,12153.0,6400.0,47014.0,6300.0,115683.0,6390.0,13500.0,6330.0,1591.0,6380.0,6189.0,6280.0,3826.0,6410.0,1000.0,62.0,6.0,451500.0,1248629.0,90.0,2.0,1530233.0,169896.0,0.26556808336308596,0.9000687594882506,2862022432.93303,9700024747.761705,46161652.14408113,107778052.75290784,0.4283028962298235
121,14073782708315535,IRO1NPRS0001,شنفت,نفت‌ پارس‌,7220.0,7210.0,7200.0,202,999021.0,7176456960.0,7100.0,7280.0,7220,1,23,7650.0,6790.0,-0.002770083102493075,-0.0013850415512465374,16691134000.0,120343076140000,7200.0,117310.0,7230.0,3000.0,7130.0,1000.0,7260.0,11134.0,7150.0,1421.0,7250.0,20983.0,7180.0,4494.0,7240.0,13421.0,7120.0,35.0,7270.0,17987.0,56.0,2.0,449219.0,549802.0,68.0,2.0,934920.0,64101.0,0.449659216372829,0.9358361836237676,3226960012.9669347,6715988093.386625,57624285.945838116,98764530.78509744,0.5834512196612697
122,14231831499205396,IRO1SSNR0001,سنير,سیمان‌ سفید نی‌ریز,25150.0,25080.0,25400.0,314,339584.0,8585537140.0,24600.0,25690.0,24760,1,53,25990.0,23530.0,0.025848142164781908,0.012924071082390954,230000000.0,5768400000000,25370.0,2500.0,25480.0,5396.0,25210.0,1000.0,25550.0,1400.0,25250.0,721.0,25540.0,5000.0,25260.0,1960.0,25500.0,4150.0,25200.0,500.0,25580.0,500.0,114.0,1.0,331584.0,8000.0,115.0,1.0,338404.0,1180.0,0.9764417640407086,0.9965251601960046,8383277030.21862,8555703773.807247,73537517.80893527,74397424.12006302,0.9884417193028077
123,14312030900097668,IRO3PGPZ0001,غگلپا,شیر پاستوریزه پگاه گلپایگان,35700.0,35550.0,35900.0,364,535464.0,19025221950.0,35100.0,36750.0,35250,2,42,37350.0,33150.0,0.018439716312056736,0.00851063829787234,169000000.0,6007950000000,35600.0,1048.0,35900.0,130.0,35050.0,2842.0,36050.0,720.0,35150.0,9965.0,36000.0,1588.0,35200.0,7660.0,35950.0,1200.0,35000.0,9046.0,36100.0,15.0,158.0,0.0,535464.0,0.0,45.0,3.0,77714.0,457750.0,1.0,0.14513393991005932,19025221950.0,2761205419.266842,120412797.15189873,61360120.42815204,1.9623950590659744
124,14398278072324784,IRO1GHEG0001,قهكمت,قندهکمتان‌,5670.0,5910.0,6000.0,168,1643273.0,9820590390.0,5660.0,6070.0,5790,1,38,6070.0,5510.0,0.03626943005181347,0.02072538860103627,2845343000.0,16815977130000,5980.0,5000.0,6000.0,664.0,5900.0,1000.0,6060.0,20000.0,5920.0,978.0,6050.0,10000.0,5950.0,14447.0,6040.0,6000.0,5800.0,88337.0,6070.0,21101.0,31.0,1.0,1606217.0,37056.0,63.0,0.0,1643273.0,0.0,0.9774498820342086,1.0,9599134918.211782,9820590390.0,309649513.4907027,155882387.14285713,1.9864304054243598
125,14617104402836487,IRO1SEIL0001,سيلام,سیمان‌ ایلام‌,7240.0,7380.0,7480.0,83,634603.0,4689430790.0,7240.0,7490.0,7380,1,53,7740.0,7020.0,0.013550135501355014,0.0,1200000000.0,8856000000000,7320.0,10700.0,7480.0,27686.0,7290.0,700.0,7550.0,24200.0,7300.0,25000.0,7500.0,10693.0,7310.0,800.0,7490.0,15170.0,7270.0,10000.0,7590.0,2000.0,24.0,0.0,634603.0,0.0,39.0,0.0,634603.0,0.0,1.0,1.0,4689430790.0,4689430790.0,195392949.58333334,120241815.12820514,1.625
126,14744445176220774,IRO1BEKA0001,ثبهساز,بهساز کاشانه تهران,1406.0,1374.0,1367.0,1196,10681140.0,14671580507.0,1354.0,1406.0,1373,1,70,1441.0,1305.0,-0.004369992716678805,0.0007283321194464676,20130787000.0,27659701338000,1367.0,9091.0,1370.0,97724.0,1363.0,108800.0,1373.0,369.0,1364.0,10000.0,1372.0,1340.0,1365.0,36494.0,1371.0,2009.0,1362.0,10000.0,1375.0,3024.0,202.0,1.0,10654585.0,26555.0,822.0,2.0,10653915.0,27225.0,0.9975138421554254,0.9974511147686483,14635104642.030214,14634184332.12512,72451013.07935749,17803143.956356592,4.069562839966192
127,14800142337291217,IRO3FAYZ0001,فولاي,صنایع فولاد آلیاژی یزد,8700.0,8740.0,8770.0,339,2102817.0,18378527610.0,8630.0,9020.0,8850,2,27,9380.0,8320.0,-0.00903954802259887,-0.012429378531073447,560000000.0,4894400000000,8770.0,54482.0,8840.0,5900.0,8720.0,1577.0,8880.0,10000.0,8740.0,700.0,8870.0,6588.0,8760.0,2717.0,8850.0,90000.0,8710.0,1600.0,8890.0,87245.0,133.0,0.0,2102817.0,0.0,118.0,0.0,2102817.0,0.0,1.0,1.0,18378527610.0,18378527610.0,138184418.12030074,155750233.98305085,0.8872180451127818
128,14916489896692147,IRO3MAHZ0001,زملارد,کشاورزی و دامپروری ملارد شیر,8950.0,9170.0,9170.0,991,1131082.0,10352439140.0,8950.0,9400.0,9240,2,01,9700.0,8780.0,-0.007575757575757576,-0.007575757575757576,800000000.0,7336000000000,9150.0,1695.0,9240.0,8464.0,9090.0,5000.0,9290.0,5007.0,9120.0,1600.0,9280.0,7900.0,9130.0,13000.0,9250.0,21.0,9070.0,4944.0,9300.0,1800.0,140.0,1.0,1076075.0,55007.0,752.0,0.0,1131082.0,0.0,0.9513678053403732,1.0,9848977304.54158,10352439140.0,70349837.88958271,13766541.409574468,5.110204211542576
129,14957056743925737,IRO1LENT0001,خلنت,لنت‌ ترمزایران‌,27890.0,27520.0,28050.0,304,373536.0,10380323560.0,27160.0,28120.0,26840,1,34,28180.0,25500.0,0.045081967213114756,0.02533532041728763,300000000.0,8256000000000,28040.0,30000.0,28090.0,500.0,27460.0,1000.0,28120.0,2143.0,27800.0,50300.0,28110.0,7179.0,28000.0,140000.0,28100.0,16000.0,27450.0,2000.0,28130.0,165.0,92.0,0.0,373536.0,0.0,117.0,0.0,373536.0,0.0,1.0,1.0,10380323560.0,10380323560.0,112829603.91304348,88720714.18803419,1.2717391304347827
130,15039949673085566,IRO1AYEG0001,پرديس,سرمایه گذاری پردیس,2482.0,2481.0,2490.0,409,9270160.0,22994904075.0,2451.0,2532.0,2471,1,56,2630.0,2334.0,0.007689194658033185,0.004046944556859571,3000000000.0,7443000000000,2488.0,550.0,2490.0,119017.0,2463.0,5000.0,2500.0,31063.0,2480.0,4470.0,2495.0,13550.0,2482.0,1736.0,2491.0,5000.0,2461.0,5000.0,2504.0,32250.0,119.0,4.0,6070160.0,3200000.0,78.0,0.0,9270160.0,0.0,0.6548063895337297,1.0,15057210115.025198,22994904075.0,126531177.43718654,294806462.5,0.429200826753201
131,15259343650667588,IRO1GGAZ0001,قزوين,کارخانجات‌ قند قزوین‌,3950.0,3973.0,4119.0,116,1051945.0,4306939928.0,3930.0,4122.0,3926,1,38,4122.0,3730.0,0.04915944982170148,0.011971472236372899,2069445000.0,8221904985000,4080.0,5000.0,4120.0,20210.0,4020.0,13441.0,4700.0,33824.0,4072.0,1175.0,4239.0,2596.0,4074.0,10000.0,4122.0,2996.0,4011.0,5000.0,0.0,0.0,32.0,0.0,1051945.0,0.0,50.0,1.0,1039411.0,12534.0,1.0,0.9880849283945453,4306939928.0,4255622430.357488,134591872.75,85112448.60714976,1.5813418007891007
132,15472396110662150,IRO1SKER0001,سكرما,سیمان‌ کرمان‌,14720.0,14720.0,14780.0,327,803700.0,11886969750.0,14530.0,15050.0,14470,1,53,15330.0,13610.0,0.021423635107118175,0.017277125086385625,1500000000.0,22080000000000,14800.0,1000.0,14840.0,3221.0,14690.0,1800.0,15030.0,5000.0,14710.0,1054.0,15000.0,67504.0,14760.0,344.0,14860.0,7031.0,14630.0,500.0,15040.0,4500.0,22.0,1.0,357067.0,446633.0,61.0,2.0,767362.0,36338.0,0.44427895981087473,0.9547866119198706,5281130555.833334,11349519573.59649,240051388.9015152,186057697.92781132,1.290198640395158
133,15521712617204216,IRO1SFKZ0001,سفارس,سیمان فارس و خوزستان,16100.0,16100.0,16190.0,415,2218597.0,35729131370.0,15950.0,16290.0,15940,1,53,16890.0,14990.0,0.015683814303638646,0.010037641154328732,5625000000.0,90562500000000,16190.0,6824.0,16200.0,2500.0,16000.0,25500.0,16290.0,1263.0,16020.0,2570.0,16270.0,500.0,16050.0,10000.0,16240.0,1043.0,15990.0,113133.0,16300.0,21204.0,126.0,6.0,1004267.0,1214330.0,104.0,1.0,2216379.0,2218.0,0.45265859459829794,0.9990002690889783,16173098392.162159,35693411852.94546,128357923.74731871,343205883.2013986,0.37399686319478465
134,15726796686853780,IRO3OSHZ0001,ثعمرا,عمران و توسعه شاهد,5580.0,5720.0,5770.0,153,745680.0,4307581450.0,5580.0,5870.0,5700,2,70,6040.0,5360.0,0.012280701754385965,0.0035087719298245615,1300000000.0,7436000000000,5780.0,12000.0,5830.0,5380.0,5700.0,3400.0,5890.0,11243.0,5710.0,100000.0,5880.0,5900.0,5760.0,17812.0,5870.0,81250.0,5650.0,15290.0,5900.0,4000.0,54.0,0.0,745680.0,0.0,62.0,0.0,745680.0,0.0,1.0,1.0,4307581450.0,4307581450.0,79770026.85185185,69477120.16129032,1.1481481481481481
135,15917865009187760,IRO3IOMZ0001,ماديرا,صنایع مادیران,2185.0,2208.0,2228.0,396,5262991.0,11621417441.0,2170.0,2257.0,2150,2,26,2257.0,2043.0,0.03627906976744186,0.026976744186046512,14200000000.0,31353600000000,2217.0,2300.0,2248.0,4971.0,2211.0,4600.0,2256.0,200000.0,2215.0,2758.0,2254.0,10000.0,2216.0,11419.0,2249.0,32186.0,2210.0,4500.0,2257.0,15278.0,109.0,0.0,5262991.0,0.0,176.0,1.0,4505045.0,757946.0,1.0,0.8559856933063348,11621417441.0,9947767065.436716,106618508.63302752,56521403.780890435,1.8863386522801586
136,15930821245168534,IRO7KACP0001,سكارون,سیمان کارون,53700.0,56100.0,57000.0,162,1039995.0,58318248350.0,53700.0,57000.0,55350,4,53,57000.0,53700.0,0.02981029810298103,0.013550135501355014,208833333.0,11715549981300,57000.0,4022.0,0.0,0.0,54500.0,900.0,0.0,0.0,55700.0,100.0,0.0,0.0,56250.0,2000.0,0.0,0.0,54000.0,200.0,0.0,0.0,42.0,0.0,1039995.0,0.0,86.0,1.0,1029995.0,10000.0,1.0,0.9903845691565825,58318248350.0,57757493266.08133,1388529722.6190476,671598758.9079224,2.0674989407022086
137,15949743338644220,IRO1SURO0001,ساروم,سیمان‌ارومیه‌,29520.0,29880.0,30000.0,173,631601.0,18872812430.0,29520.0,30180.0,30170,1,53,31980.0,28360.0,-0.005634736493205171,-0.00961219754723235,1000000000.0,29880000000000,29730.0,870.0,30150.0,3000.0,29590.0,180.0,30300.0,10000.0,29670.0,1100.0,30200.0,7000.0,29700.0,180.0,30160.0,3000.0,29510.0,1200.0,30500.0,3000.0,58.0,4.0,262210.0,369391.0,48.0,0.0,631601.0,0.0,0.415151337632461,1.0,7835073325.201036,18872812430.0,135087471.1241558,393183592.2916667,0.343573520799278
138,16369313804633525,IRO1HJPT0001,حپترو,حمل و نقل پتروشیمی( سهامی عام,39390.0,38880.0,38640.0,395,1203208.0,46785841540.0,38640.0,40980.0,40670,1,60,42700.0,38640.0,-0.04991394148020654,-0.044012785837226454,200000000.0,7776000000000,0.0,0.0,38640.0,392048.0,0.0,0.0,39200.0,3065.0,0.0,0.0,39000.0,4338.0,0.0,0.0,38990.0,1264.0,0.0,0.0,39210.0,12000.0,184.0,2.0,718707.0,484501.0,88.0,0.0,1203208.0,0.0,0.5973256494305224,1.0,27946383182.03401,46785841540.0,151882517.2936631,531657290.22727275,0.2856774845102498
139,16405556680571453,IRO1KCHI0001,كخاك,صنایع‌خاک‌چینی‌ایران‌,12410.0,12870.0,13140.0,43,287847.0,3730765800.0,12410.0,13250.0,12850,1,54,13490.0,12210.0,0.022568093385214007,0.0015564202334630351,3500000000.0,45045000000000,12940.0,89370.0,13130.0,1000.0,12850.0,1000.0,13180.0,50231.0,12870.0,535.0,13170.0,4118.0,12920.0,1400.0,13140.0,6250.0,12700.0,800.0,13190.0,52000.0,27.0,2.0,164347.0,123500.0,21.0,1.0,252550.0,35297.0,0.5709526241371284,0.8773758281309167,2130090523.5510533,3273283733.337502,78892241.61300197,155870653.96845248,0.5061391583624805
140,16410724132711490,IRO3GFRZ0001,غفارس,شیر پاستوریزه پگاه فارس,5790.0,5670.0,5650.0,202,1371501.0,7779332170.0,5570.0,5790.0,5580,2,42,5850.0,5310.0,0.012544802867383513,0.016129032258064516,1159804916.0,6576093873720,5630.0,9522.0,5650.0,2666.0,5600.0,61000.0,5710.0,8678.0,5610.0,24865.0,5700.0,48989.0,5620.0,17904.0,5670.0,9465.0,5580.0,5000.0,5730.0,4790.0,69.0,1.0,1277039.0,94462.0,78.0,1.0,1210910.0,160591.0,0.931125095789212,0.8829085797239666,7243531411.967348,6868439117.415664,104978716.11546881,88056911.76173928,1.1921689509111544
141,16422980660132735,IRO3LPCZ0001,لطيف,محصولات کاغذی لطیف,34800.0,34750.0,34850.0,666,450562.0,15664755350.0,33900.0,34850.0,33200,2,21,34850.0,31550.0,0.04969879518072289,0.046686746987951805,200000000.0,6950000000000,34850.0,617068.0,34900.0,20.0,34400.0,2428.0,35250.0,1000.0,34600.0,335.0,35200.0,20000.0,34700.0,217.0,35150.0,308.0,34200.0,3683.0,35300.0,40000.0,66.0,2.0,436178.0,14384.0,575.0,0.0,450562.0,0.0,0.9680754258015545,1.0,15164664705.528429,15664755350.0,229767647.05346105,27243052.782608695,8.433990452058998
142,16553062355259729,IRO7MILP0001,بميلا,توسعه بازرگانی آهن وفولادمیلاد,12990.0,12570.0,12760.0,297,3434889.0,43161966900.0,12380.0,12990.0,12760,4,46,13140.0,12380.0,0.0,-0.014890282131661442,1135000000.0,14266950000000,12770.0,8679.0,12870.0,393.0,12730.0,15000.0,12900.0,15330.0,12740.0,60000.0,12890.0,10000.0,12750.0,25429.0,12880.0,3766.0,12710.0,33000.0,12920.0,100005.0,71.0,3.0,2858206.0,576683.0,67.0,1.0,2994889.0,440000.0,0.8321101497020719,0.8719027019504851,35915510738.59487,37633035561.60741,505852263.92387146,561687097.934439,0.9005944159730643
143,16673205196919832,IRO7FAPP0001,شفارا,پتروشیمی فارابی,4161.0,4213.0,4161.0,154,1329519.0,5532293737.0,4161.0,4165.0,4289,4,44,4417.0,4161.0,-0.029843786430403356,-0.017719748193051995,2630463000.0,11082140619000,0.0,0.0,4161.0,217991.0,0.0,0.0,4275.0,12781.0,0.0,0.0,4240.0,1500.0,0.0,0.0,4230.0,1250.0,0.0,0.0,4280.0,200000.0,86.0,0.0,1329519.0,0.0,39.0,0.0,1329519.0,0.0,1.0,1.0,5532293737.0,5532293737.0,64328996.94186047,141853685.56410256,0.4534883720930233
144,16693610252404739,IRO3SLVZ0001,ثالوند,سرمایه گذاری مسکن الوند,5630.0,5450.0,5510.0,509,5623804.0,30671578300.0,5310.0,5690.0,5630,2,70,5960.0,5300.0,-0.021314387211367674,-0.03197158081705151,800000000.0,4360000000000,5500.0,1393.0,5550.0,3100.0,5470.0,1000.0,5620.0,49731.0,5480.0,3459.0,5600.0,6052.0,5490.0,10000.0,5560.0,2400.0,5460.0,1000.0,5650.0,893.0,175.0,1.0,5571804.0,52000.0,86.0,0.0,5623804.0,0.0,0.9907535895632209,1.0,30387976298.29439,30671578300.0,173645578.84739652,356646259.3023256,0.48688462115678277
145,16959429956899455,IRO1AMLH0001,شاملا,معدنی‌ املاح‌  ایران‌,9960.0,9980.0,10130.0,117,509539.0,5129074450.0,9940.0,10180.0,9940,1,44,10430.0,9450.0,0.019114688128772636,0.004024144869215292,2700000000.0,26946000000000,10050.0,600000.0,10130.0,10770.0,10020.0,4971.0,10180.0,1369.0,10030.0,1000.0,10170.0,404.0,10040.0,502.0,10150.0,10916.0,9990.0,10000.0,10190.0,1000.0,46.0,1.0,482650.0,26889.0,43.0,1.0,259539.0,250000.0,0.9472287695348148,0.5093604218715349,4858406880.1259575,2612547525.6625104,105617540.87230343,60756919.20145373,1.7383623505020696
146,17059960254855208,IRO1BENN0001,غبهنوش,بهنوش‌ ایران‌,48760.0,50540.0,51170.0,182,134134.0,6763288080.0,48760.0,51980.0,50650,1,42,53180.0,48120.0,0.010266535044422508,-0.002171767028627838,360000000.0,18194400000000,50000.0,3579.0,51170.0,4000.0,49000.0,45000.0,51270.0,1131.0,49280.0,600.0,51240.0,20000.0,49500.0,3000.0,51190.0,10383.0,48910.0,213.0,51280.0,20000.0,64.0,2.0,111634.0,22500.0,91.0,0.0,134134.0,0.0,0.8322572949438621,1.0,5628795842.386868,6763288080.0,87949935.0372948,74321847.03296703,1.1833658412483041
147,17284166795866794,IRO7VHYP0001,واحيا,م .صنایع و معادن احیاء سپاهان,16460.0,16110.0,16200.0,307,1026011.0,16394767310.0,15810.0,16460.0,16170,4,56,16650.0,15690.0,0.0018552875695732839,-0.0037105751391465678,8000000000.0,128880000000000,16140.0,400.0,16200.0,39843.0,16110.0,193901.0,16280.0,10000.0,16120.0,193236.0,16250.0,7000.0,16130.0,4066.0,16210.0,42445.0,16100.0,6000.0,16310.0,55688.0,99.0,3.0,897287.0,128724.0,83.0,1.0,889211.0,136800.0,0.8745393567905217,0.8666680961510159,14337869258.017672,14208821771.396612,144826962.2021987,171190623.7517664,0.8459982154875718
148,17330546482145553,IRO1MHKM0001,خمهر,مهرکام‌پارس‌,1520.0,1585.0,1594.0,457,17147561.0,27184417118.0,1520.0,1594.0,1519,1,34,1594.0,1444.0,0.04937458854509546,0.043449637919684,6627718566.0,10504933927110,1594.0,685000.0,1636.0,77200.0,1580.0,100000.0,1740.0,10000.0,1581.0,133651.0,1689.0,3100.0,1587.0,32340.0,1685.0,21090.0,1577.0,23.0,1750.0,63500.0,129.0,0.0,17147561.0,0.0,197.0,1.0,15752742.0,1394819.0,1.0,0.9186578779337773,27184417118.0,24973178942.48853,210731915.64341086,126767405.79943416,1.662350935672074
149,17528249960294496,IRO1TMEL0001,وتوسم,سرمایه‌گذاری‌توسعه‌ملی‌,3928.0,3944.0,3974.0,146,1577848.0,6263531229.0,3928.0,4000.0,3925,1,56,4160.0,3690.0,0.012484076433121018,0.004840764331210191,8000000000.0,31552000000000,3971.0,21400.0,3976.0,12111.0,3967.0,25000.0,3990.0,39573.0,3968.0,16000.0,3980.0,35000.0,3969.0,21000.0,3977.0,10000.0,3965.0,1650.0,3991.0,2000.0,63.0,0.0,1577848.0,0.0,47.0,0.0,1577848.0,0.0,1.0,1.0,6263531229.0,6263531229.0,99421130.61904761,133266621.89361702,0.746031746031746
150,17800036702302776,IRO1BSTE0001,ثاخت,بین‌المللی‌توسعه‌ساختمان,2101.0,2137.0,2165.0,504,6989059.0,14943231441.0,2101.0,2174.0,2100,1,70,2205.0,1995.0,0.030952380952380953,0.017619047619047618,9000000000.0,19233000000000,2152.0,2400.0,2165.0,5034.0,2148.0,50000.0,2168.0,27453.0,2149.0,10000.0,2167.0,20000.0,2151.0,20000.0,2166.0,3130.0,2140.0,400000.0,2170.0,10610.0,102.0,4.0,4083725.0,2905334.0,199.0,1.0,6984059.0,5000.0,0.5843025506008749,0.9992845961094333,8731368245.195486,14932540995.08947,85601649.46270084,75037894.44768578,1.1407789369993557
151,17834623106317041,IRO1MNSR0001,خنصير,مهندسی‌نصیرماشین‌,12590.0,12660.0,12650.0,622,2544883.0,32225644330.0,12330.0,12790.0,12270,1,34,12880.0,11660.0,0.030969845150774247,0.03178484107579462,1230524420.0,15578439157200,12640.0,1250.0,12670.0,1133.0,12590.0,2000.0,12720.0,10500.0,12600.0,960.0,12700.0,1305.0,12620.0,10000.0,12680.0,31387.0,12580.0,2000.0,12740.0,48988.0,193.0,3.0,2334435.0,210448.0,239.0,1.0,2544435.0,448.0,0.9173054321161327,0.9998239604728391,29560758597.35145,32219971342.80969,153164552.31788316,134811595.57660958,1.1361378200649226
152,17939384202383793,IRO3CGRZ0001,ثغرب,شرکت سرمایه گذاری مسکن شمالغرب,7240.0,7440.0,7550.0,414,2272374.0,16915559960.0,7240.0,7570.0,7160,2,70,7580.0,6740.0,0.05446927374301676,0.03910614525139665,1200000000.0,8928000000000,7510.0,1445.0,7560.0,64282.0,7440.0,41836.0,8060.0,17777.0,7450.0,101069.0,7580.0,624379.0,7480.0,3746.0,7570.0,25114.0,7430.0,100000.0,8140.0,10000.0,119.0,3.0,1522986.0,749388.0,173.0,0.0,2272374.0,0.0,0.670218018688825,1.0,11337113081.403221,16915559960.0,95269857.82691783,97777803.23699422,0.9743505649845945
153,18004480270695404,IRO1ALMR0001,فمراد,آلومراد,22510.0,23090.0,23290.0,3392,9663299.0,223121007180.0,22510.0,24200.0,23690,1,27,24870.0,22510.0,-0.016884761502743775,-0.02532714225411566,200000000.0,4618000000000,23290.0,1055.0,23300.0,436.0,23170.0,1688.0,23550.0,866.0,23180.0,1161.0,23480.0,4200.0,23200.0,2400.0,23340.0,4160.0,23160.0,1877.0,23560.0,859.0,1108.0,2.0,9501972.0,161327.0,1041.0,2.0,9484913.0,178386.0,0.9833051838714708,0.9815398447259057,219396042990.71765,219002158742.5449,198010869.12519643,210376713.48947635,0.941220469893411
154,18027801615184692,IRO1CHML0001,كچاد,معدنی‌وصنعتی‌چادرملو,13760.0,13730.0,13720.0,588,1342272.0,18329134500.0,13520.0,13770.0,13740,1,13,14560.0,12920.0,-0.001455604075691412,-0.000727802037845706,119000000000.0,1633870000000000,13700.0,1000.0,13720.0,137240.0,13640.0,6838.0,13780.0,8936.0,13650.0,1735.0,13770.0,10944.0,13660.0,943.0,13760.0,52875.0,13630.0,3084.0,13790.0,17710.0,261.0,2.0,906586.0,435686.0,172.0,2.0,1185167.0,157105.0,0.675411541028942,0.8829559135555237,12379708978.371746,16183817697.129568,47431835.16617527,94091963.35540447,0.5041008123830468
155,18063426072758458,IRO1SBAH0001,وبهمن,سرمایه‌گذاری‌بهمن‌,13960.0,13960.0,14100.0,70,303734.0,4244873870.0,13960.0,14220.0,13960,1,56,14790.0,13130.0,0.01002865329512894,0.0,2750000000.0,38390000000000,14100.0,8820.0,14200.0,9990.0,13660.0,2000.0,14230.0,10500.0,13760.0,6284.0,14220.0,6500.0,13960.0,167424.0,14210.0,3159.0,13600.0,370.0,14240.0,1090.0,17.0,1.0,55478.0,248256.0,27.0,0.0,303734.0,0.0,0.18265324263994154,1.0,775339976.9530576,4244873870.0,45608233.938415155,157217550.74074075,0.2900963265457895
156,18093681647131179,IRO3DTDZ0001,دتوليد,داروسازی تولید دارو,6170.0,6320.0,6480.0,303,1573011.0,9944648470.0,6170.0,6480.0,6150,2,43,6510.0,5790.0,0.05365853658536585,0.027642276422764227,850000000.0,5372000000000,6360.0,10615.0,6490.0,43066.0,6310.0,8593.0,6710.0,10000.0,6330.0,5000.0,6510.0,278928.0,6350.0,3380.0,6500.0,214906.0,6290.0,10420.0,6720.0,10000.0,95.0,2.0,1540905.0,32106.0,112.0,2.0,818722.0,754289.0,0.9795894625021694,0.520480784940474,9741672849.50032,5175998441.622684,102543924.73158231,46214271.80020253,2.2188800285528445
157,18303237082155264,IRO1FTIR0001,دفرا,فرآورده‌های‌ تزریقی‌ ایران‌,16480.0,17010.0,17000.0,56,61473.0,1050361340.0,16480.0,17280.0,17000,1,43,17850.0,16150.0,0.0,0.000588235294117647,1400000000.0,23814000000000,17000.0,1824.0,17180.0,6256.0,16550.0,2000.0,17210.0,50000.0,16580.0,2000.0,17200.0,4000.0,16990.0,1700.0,17190.0,300.0,16500.0,2800.0,17250.0,300.0,21.0,1.0,48637.0,12836.0,31.0,0.0,61473.0,0.0,0.7911928814276187,1.0,831038415.1347747,1050361340.0,39573257.8635607,33882623.87096774,1.1679513963931516
158,18346219759153870,IRO7PESP0001,شصفها,پتروشیمی‌ اصفهان‌,121050.0,123000.0,124450.0,50,37231.0,4618401550.0,121050.0,124900.0,122550,4,44,125000.0,120100.0,0.015503875968992248,0.0036719706242350062,300000000.0,36900000000000,123200.0,3111.0,124450.0,7550.0,122750.0,60.0,124700.0,5000.0,123000.0,500.0,124650.0,41.0,123100.0,426.0,124500.0,10087.0,122600.0,6025.0,124800.0,550.0,15.0,1.0,13206.0,24025.0,27.0,0.0,37231.0,0.0,0.3547044129891757,1.0,1638167410.7410493,4618401550.0,109211160.71606995,171051909.25925925,0.6384679433805163
159,18401147983387689,IRO1MINO0001,غپينو,پارس‌ مینو,2009.0,2057.0,2075.0,717,22393551.0,46063921477.0,1963.0,2075.0,1958,1,42,2075.0,1841.0,0.05975485188968335,0.05056179775280899,9000000000.0,18513000000000,2075.0,1217815.0,2114.0,5000.0,2060.0,40000.0,2165.0,30000.0,2070.0,2400.0,2160.0,30000.0,2072.0,3900.0,2140.0,10000.0,2050.0,6250.0,2169.0,25000.0,172.0,1.0,21783551.0,610000.0,288.0,1.0,19363551.0,3030000.0,0.9727600147024471,0.8646931877842866,44809140933.21889,39831159103.79219,260518261.2396447,138302635.77705622,1.8836825471612848
160,18568733593280948,IRO1TOOM0001,ثاميد,توسعه و عمران امید,1350.0,1366.0,1376.0,1111,8770576.0,12028552649.0,1341.0,1396.0,1357,1,70,1424.0,1290.0,0.01400147383935151,0.006632277081798084,35317000000.0,48243022000000,1372.0,50000.0,1379.0,5422.0,1368.0,11146.0,1390.0,487621.0,1370.0,60000.0,1389.0,27549.0,1371.0,3700.0,1380.0,14500.0,1367.0,2731.0,1392.0,30000.0,143.0,3.0,6770806.0,1999770.0,851.0,4.0,7663795.0,1106781.0,0.7719910300076073,0.8738074899527694,9285934749.002243,10510639397.987425,64936606.636379324,12350927.61220614,5.257629926695057
161,18599703143458101,IRO1OMID0001,اميد,تامین سرمایه امید,6080.0,6030.0,5990.0,109,388616.0,2295255300.0,5860.0,6080.0,6040,1,67,6340.0,5740.0,-0.008278145695364239,-0.0016556291390728477,15200000000.0,91656000000000,5870.0,21800.0,6000.0,6800.0,5830.0,50000.0,6040.0,42217.0,5850.0,261865.0,6030.0,3001.0,5860.0,2000.0,6020.0,36865.0,5820.0,50000.0,6050.0,3000.0,34.0,0.0,388616.0,0.0,56.0,0.0,388616.0,0.0,1.0,1.0,2295255300.0,2295255300.0,67507508.8235294,40986701.78571428,1.6470588235294117
162,18883380772506226,IRO3ZNDZ0001,ثرود,سرمایه‌گذاری مسکن زاینده رود,6350.0,6340.0,6300.0,348,3115853.0,19751728280.0,6220.0,6500.0,6330,2,70,6700.0,5960.0,-0.004739336492890996,0.001579778830963665,500000000.0,3170000000000,6260.0,20000.0,6300.0,29500.0,6200.0,75000.0,6360.0,53087.0,6230.0,13913.0,6350.0,32000.0,6240.0,21107.0,6340.0,946.0,6180.0,2830.0,6380.0,24800.0,105.0,1.0,2890853.0,225000.0,88.0,2.0,3019058.0,96795.0,0.9277886344445646,0.9689346705380517,18325429008.82129,19138134333.538918,174527895.32210752,217478799.24476042,0.8025053289248943
163,19040514831923530,IRO1NORI0001,نوري,پتروشیمی نوری,97070.0,97880.0,98000.0,2247,1333257.0,130505366870.0,97070.0,98700.0,97070,1,44,101920.0,92220.0,0.009580714947975688,0.008344493664365921,9000000000.0,880920000000000,98000.0,52.0,98050.0,5000.0,97970.0,1421.0,98100.0,3055.0,97980.0,3928.0,98070.0,237.0,97990.0,14285.0,98060.0,1857.0,97950.0,20579.0,98230.0,478.0,852.0,4.0,962525.0,370732.0,610.0,0.0,1333257.0,0.0,0.7219350807833749,1.0,94216402573.95743,130505366870.0,110582632.12905802,213943224.37704918,0.5168784029082849
164,19257295292088310,IRO1INDM0001,خكمك,کمک‌فنرایندامین‌,16900.0,16600.0,17040.0,234,431772.0,7332818420.0,16550.0,17040.0,16230,1,34,17040.0,15420.0,0.04990757855822551,0.02279728897104128,320857300.0,5326231180000,16980.0,120.0,17180.0,110.0,16860.0,19117.0,0.0,0.0,16870.0,1385.0,0.0,0.0,16890.0,10412.0,17300.0,500.0,16800.0,1305.0,0.0,0.0,70.0,0.0,431772.0,0.0,121.0,1.0,418772.0,13000.0,1.0,0.9698915168190619,7332818420.0,7112038379.932557,104754548.85714285,58777176.693657495,1.7822317224101487
165,19298748452450329,IRO1TRIR0001,تايرا,تراکتورسازی‌ایران‌,16020.0,16600.0,16940.0,101,437212.0,7367208200.0,16010.0,16980.0,16470,1,29,17450.0,15490.0,0.02853673345476624,0.007893139040680024,3200000000.0,53120000000000,16900.0,60000.0,16960.0,2550.0,16780.0,1187.0,16990.0,9999.0,16810.0,9944.0,16980.0,20000.0,16860.0,20000.0,16970.0,1000.0,16720.0,10000.0,17000.0,6099.0,17.0,2.0,115415.0,321797.0,47.0,1.0,397212.0,40000.0,0.2639794882116685,0.9085112028032167,1944791850.1848075,6693191183.083721,114399520.59910633,142408323.0443345,0.8033204671856962
166,19310456400689867,IRO7IEIP0001,خبازرس,بازرسی مهندسی و صنعتی ایران,17140.0,17640.0,17140.0,7,33826.0,579777640.0,17140.0,17140.0,17670,4,71,18200.0,17140.0,-0.029994340690435765,-0.001697792869269949,150000000.0,2646000000000,0.0,0.0,17140.0,1690290.0,0.0,0.0,17400.0,21628.0,0.0,0.0,17170.0,20000.0,0.0,0.0,17150.0,4014.0,0.0,0.0,17660.0,1044.0,5.0,1.0,8826.0,25000.0,2.0,0.0,33826.0,0.0,0.26092354993200495,1.0,151277640.0,579777640.0,30255528.0,289888820.0,0.10436941997280198
167,19348717261145458,IRO3HAIZ0001,وهامون,سرمایه گذاری هامون صبا,1721.0,1758.0,1761.0,588,3193808.0,5613613055.0,1721.0,1770.0,1740,2,56,1844.0,1636.0,0.01206896551724138,0.010344827586206896,5000000000.0,8790000000000,1759.0,11323.0,1764.0,2460.0,1751.0,10000.0,1767.0,321.0,1752.0,7044.0,1766.0,481.0,1755.0,3000.0,1765.0,961.0,1750.0,10500.0,1768.0,641.0,100.0,1.0,3063227.0,130581.0,436.0,3.0,3193326.0,482.0,0.9591143237163913,0.9998490829755577,5384096688.8518305,5612765865.221369,53840966.8885183,12873316.204636168,4.182369642184982
168,19367527798307032,IRO7ALTP0001,فالوم,آلومتک‌,12450.0,12590.0,12390.0,133,377040.0,4678075220.0,12390.0,12700.0,12770,4,27,13150.0,12390.0,-0.02975724353954581,-0.014095536413469069,750000000.0,9442500000000,0.0,0.0,12390.0,199470.0,0.0,0.0,12670.0,23000.0,0.0,0.0,12410.0,11288.0,0.0,0.0,12400.0,200000.0,0.0,0.0,12690.0,500.0,69.0,1.0,375871.0,1169.0,31.0,1.0,374702.0,2338.0,0.9968995332060259,0.9937990664120517,4663571003.120677,4649066786.241354,67587985.55247357,149969896.33036625,0.45067701723007864
169,19471788163911687,IRO1NSPS0001,كفپارس,فرآورده‌های‌ نسوز پارس‌,3150.0,3202.0,3296.0,270,2426106.0,7869053020.0,3150.0,3299.0,3151,1,54,3308.0,2994.0,0.04601713741669311,0.016185337987940335,1619519000.0,5185699838000,3296.0,9548.0,3297.0,4600.0,3263.0,10000.0,3300.0,117114.0,3271.0,21334.0,3299.0,8600.0,3276.0,10000.0,3298.0,2763.0,3262.0,231052.0,3305.0,10000.0,70.0,1.0,2424106.0,2000.0,114.0,2.0,2224106.0,202000.0,0.9991756337109755,0.9167390048085285,7862566037.963766,7213867834.340346,112322371.97091095,63279542.40649427,1.7750187137791866
170,19839750988634567,IRO7KARP0001,وآفري,بیمه کارآفرین,3451.0,3547.0,3445.0,9,150202.0,517731890.0,3445.0,3451.0,3551,4,66,3657.0,3445.0,-0.029850746268656716,-0.001126443255421008,9504000000.0,33710688000000,3445.0,102250.0,3593.0,16000.0,0.0,0.0,3600.0,100000.0,0.0,0.0,3597.0,5000.0,0.0,0.0,3594.0,16500.0,0.0,0.0,3650.0,78199.0,2.0,1.0,17452.0,132750.0,5.0,0.0,150202.0,0.0,0.11619019720110252,1.0,60155370.39639952,517731890.0,30077685.19819976,103546378.0,0.2904754930027563
171,19954896371640204,IRO7ZMNP0001,وزمين,بانک ایران زمین,9150.0,9330.0,9150.0,1,550.0,5032500.0,9150.0,9150.0,9330,4,57,9510.0,9150.0,-0.01929260450160772,0.0,4000000000.0,37320000000000,0.0,0.0,9150.0,4662913.0,0.0,0.0,9510.0,56100.0,0.0,0.0,9500.0,11100.0,0.0,0.0,9330.0,18743.0,0.0,0.0,0.0,0.0,1.0,0.0,550.0,0.0,1.0,0.0,550.0,0.0,1.0,1.0,5032500.0,5032500.0,5032500.0,5032500.0,1.0
172,20024911381434086,IRO1KIMI0001,دكيمي,کیمیدارو,20800.0,20010.0,20620.0,73,117880.0,2384408120.0,20010.0,21050.0,19960,1,43,21150.0,18770.0,0.033066132264529056,0.00250501002004008,576000000.0,11525760000000,20250.0,28881.0,20610.0,250.0,20180.0,5000.0,20920.0,3000.0,20190.0,5000.0,20640.0,1000.0,20200.0,5542.0,20620.0,20250.0,20120.0,3107.0,20930.0,2280.0,25.0,0.0,117880.0,0.0,36.0,0.0,117880.0,0.0,1.0,1.0,2384408120.0,2384408120.0,95376324.8,66233558.88888889,1.44
173,20034264486679145,IRO7SASP0001,سجام,مجتمع سیمان غرب آسیا,2191.0,2252.0,2288.0,174,2694852.0,6119526183.0,2191.0,2289.0,2223,4,53,2289.0,2157.0,0.029239766081871343,0.013045434098065677,6668943950.0,15018461775400,2273.0,22600.0,2289.0,6408.0,2260.0,20000.0,2371.0,3888.0,2261.0,42905.0,2336.0,2000.0,2271.0,4665.0,2322.0,19088.0,2246.0,25000.0,2377.0,3150.0,32.0,1.0,1175316.0,1519536.0,88.0,1.0,2684852.0,10000.0,0.43613378397032565,0.996289221077818,2668932110.2972736,6096817974.226383,83404128.4467898,69282022.43439072,1.2038350717283484
174,20411759370751096,IRO1KNRZ0001,كنور,توسعه معدنی و صنعتی صبانور,16750.0,16840.0,16850.0,440,2261425.0,38061327820.0,16460.0,17120.0,16850,1,13,17690.0,16010.0,0.0,-0.0005934718100890207,12771022000.0,215064010480000,16840.0,3005.0,16960.0,1000.0,16800.0,500.0,17040.0,25300.0,16810.0,500.0,17030.0,1000.0,16830.0,1303.0,17000.0,6946.0,16790.0,916.0,17050.0,1500.0,99.0,6.0,891008.0,1370417.0,127.0,2.0,1798172.0,463253.0,0.3940028964038162,0.7951499607548338,14996273402.055147,30264463322.349865,151477509.11166814,238302860.80590445,0.6356512406078297
175,20453828618330936,IRO1NIRO0001,بنيرو,نیروترانس‌,2316.0,2394.0,2369.0,57,321277.0,756273013.0,2316.0,2407.0,2396,1,31,2539.0,2253.0,-0.011268781302170284,-0.0008347245409015025,9418794000.0,22548592836000,2322.0,2050.0,2369.0,602.0,2312.0,10000.0,2398.0,3000.0,2318.0,10000.0,2380.0,2123.0,2319.0,19500.0,2370.0,38010.0,2310.0,5000.0,2399.0,9279.0,28.0,0.0,321277.0,0.0,27.0,0.0,321277.0,0.0,1.0,1.0,756273013.0,756273013.0,27009750.464285713,28010111.592592593,0.9642857142857142
176,20487994977117557,IRO1SHAD0001,غشهد,شهد ایران ‌,4145.0,4223.0,4255.0,188,804567.0,3437885239.0,4115.0,4418.0,4208,1,42,4418.0,3998.0,0.011169201520912548,0.003564638783269962,819175360.0,3459377545280,4252.0,4713.0,4300.0,30151.0,4240.0,10000.0,4380.0,13636.0,4250.0,2359.0,4379.0,5000.0,4251.0,2369.0,4365.0,9000.0,4226.0,1330.0,4384.0,51000.0,53.0,3.0,750932.0,53635.0,89.0,1.0,770507.0,34060.0,0.9333368134661253,0.9576666703953803,3208704854.0304885,3292348110.0345564,60541601.01944318,36992675.3936467,1.636583468895058
177,20560887114747719,IRO1PSER0001,كسرام,پارس‌ سرام‌,6170.0,6330.0,6250.0,227,3799085.0,24049802700.0,6170.0,6390.0,6210,1,54,6520.0,5900.0,0.00644122383252818,0.01932367149758454,981249156.0,6211307157480,6230.0,150000.0,6290.0,122345.0,6200.0,49226.0,6330.0,3985.0,6210.0,2000.0,6310.0,6531.0,6220.0,20000.0,6300.0,9812.0,6180.0,29747.0,6340.0,20000.0,72.0,1.0,3789085.0,10000.0,79.0,0.0,3799085.0,0.0,0.9973677872435073,1.0,23986498502.541927,24049802700.0,333145812.53530455,304427882.278481,1.0943340998921816
178,20562694899904339,IRO1PRDZ0001,شپديس,پتروشیمی پردیس,178980.0,180690.0,181380.0,1709,1069625.0,193266297470.0,178000.0,182490.0,176340,1,44,186920.0,165760.0,0.028581150051037767,0.02466825450833617,6000000000.0,1084140000000000,181340.0,50.0,181400.0,17747.0,181200.0,60.0,181500.0,199.0,181230.0,150.0,181480.0,891.0,181300.0,137.0,181470.0,100.0,181180.0,1649.0,181510.0,2000.0,496.0,2.0,1024309.0,45316.0,506.0,12.0,692506.0,377119.0,0.9576337501460792,0.6474287717658058,185078329223.0438,125126161594.72696,373141792.78839475,247284904.33740506,1.5089549998541993
179,20865316761157979,IRO1MARK0001,فاراك,ماشین‌ سازی‌ اراک‌,1268.0,1253.0,1257.0,1076,32483740.0,40693256619.0,1220.0,1284.0,1254,1,28,1316.0,1192.0,0.0023923444976076554,-0.0007974481658692185,20637727632.0,25859072722896,1255.0,790688.0,1257.0,2430.0,1250.0,83067.0,1265.0,610000.0,1252.0,11000.0,1264.0,106201.0,1254.0,6810.0,1263.0,305000.0,1247.0,8000.0,1268.0,63480.0,376.0,0.0,32483740.0,0.0,303.0,1.0,32283740.0,200000.0,1.0,0.9938430734884591,40693256619.0,40442711228.481544,108226746.32712767,133474294.48343743,0.8108433668518646
180,20926459161497908,IRO3PMTZ0001,ثتران,سرمایه گذاری مسکن تهران,2640.0,2620.0,2687.0,183,2192936.0,5861376688.0,2613.0,2714.0,2587,2,70,2716.0,2458.0,0.038654812524159254,0.012756088132972555,1800000000.0,4716000000000,2657.0,16263.0,2687.0,7390.0,2620.0,2000.0,2697.0,1819.0,2623.0,20000.0,2690.0,100586.0,2633.0,10000.0,2688.0,33000.0,2613.0,30000.0,2699.0,2000.0,59.0,1.0,2092936.0,100000.0,74.0,2.0,2127096.0,65840.0,0.9543990339891361,0.9699763239784471,5594092248.873642,5685396613.279205,94815122.86226512,76829683.9632325,1.234094922317261
181,20966291817819448,IRO7LSDP0001,فسديد,لوله‌وتجهیزات‌ سدید - ورشکسته,57000.0,57550.0,57000.0,2,200.0,11400000.0,57000.0,57000.0,57550,4,27,58100.0,57000.0,-0.009556907037358819,0.0,97800000.0,5628390000000,0.0,0.0,57000.0,69999.0,,,,,,,,,0.0,0.0,58100.0,6224.0,,,,,2.0,0.0,200.0,0.0,1.0,0.0,200.0,0.0,1.0,1.0,11400000.0,11400000.0,5700000.0,11400000.0,0.5
182,21096748051392414,IRO3GHIZ0001,سغدير,توسعه سرمایه و صنعت غدیر,14600.0,14350.0,14340.0,19,26923.0,386825430.0,14340.0,14620.0,14350,2,53,15060.0,13640.0,-0.0006968641114982578,0.0,3350000000.0,48072500000000,14340.0,1330.0,14530.0,360.0,14300.0,15000.0,14580.0,6136.0,14320.0,5000.0,14570.0,54780.0,14330.0,6500.0,14550.0,870.0,14290.0,1215.0,14600.0,4500.0,8.0,1.0,11253.0,15670.0,11.0,0.0,26923.0,0.0,0.4179697656279018,1.0,161681334.31601232,386825430.0,20210166.78950154,35165948.18181818,0.574708427738365
183,21432551703060846,IRO3RPAZ0001,حآفرين,ریل پرداز نو آفرین,3413.0,3499.0,3442.0,146,750010.0,2624563413.0,3413.0,3564.0,3502,2,60,3677.0,3327.0,-0.017133066818960593,-0.0008566533409480297,7428000000.0,25990572000000,3432.0,4515.0,3487.0,10000.0,3425.0,12909.0,3509.0,200000.0,3430.0,2000.0,3502.0,37811.0,3431.0,24707.0,3500.0,50916.0,3420.0,10640.0,3510.0,250000.0,27.0,1.0,387861.0,362149.0,42.0,3.0,670778.0,79232.0,0.5171411047852695,0.8943587418834416,1357269622.9778175,2347301232.0439916,50269245.29547472,55888124.57247599,0.8994620177366182
184,21772258644715569,IRO1PGDR0001,شغدير,پتروشیمی غدیر,73330.0,73770.0,74000.0,433,447206.0,33055473990.0,72930.0,74300.0,72910,1,44,76550.0,69270.0,0.014949938280071321,0.011795364147579207,1300000000.0,95901000000000,73850.0,2196.0,74160.0,592.0,73750.0,300.0,74400.0,340.0,73760.0,2229.0,74350.0,254.0,73780.0,480.0,74300.0,375.0,73730.0,100.0,74440.0,100.0,138.0,4.0,308206.0,139000.0,153.0,2.0,331984.0,115222.0,0.6891812721654003,0.7423513995787177,22781213616.4585,24538777380.214397,165081258.09027898,160384165.88375422,1.0292865083073675
185,22086876724551482,IRO1MOTJ0001,بموتو,موتوژن‌,2800.0,2806.0,2821.0,194,2446286.0,6890960312.0,2795.0,2849.0,2798,1,31,2965.0,2631.0,0.008220157255182273,0.0028591851322373124,14288400000.0,40093250400000,2820.0,100000.0,2821.0,17712.0,2810.0,4059.0,2844.0,5000.0,2813.0,98226.0,2834.0,23000.0,2816.0,100000.0,2833.0,5000.0,2809.0,406412.0,2845.0,8976.0,85.0,1.0,1891386.0,554900.0,72.0,0.0,2446286.0,0.0,0.7731663427743117,1.0,5327858582.63197,6890960312.0,62680689.207434945,95707782.1111111,0.6549173727029465
186,22087269603540841,IRO1BPST0001,وپست,پست بانک ایران,4050.0,4003.0,4070.0,278,5517243.0,22137796659.0,3900.0,4104.0,3951,1,57,4148.0,3754.0,0.03011895722601873,0.013161225006327512,16390836000.0,65612516508000,4021.0,8000.0,4079.0,20135.0,3993.0,36000.0,4092.0,126634.0,4016.0,10000.0,4090.0,2061.0,4018.0,20000.0,4080.0,389790.0,3991.0,1020414.0,4094.0,100000.0,71.0,5.0,1587712.0,3929531.0,122.0,1.0,5117243.0,400000.0,0.2877727154667648,0.9275000212968687,6370653859.011503,20532806872.688248,89727519.14100708,168301695.67777252,0.5331349680088655
187,22255783119783047,IRO1DRZK0001,درازك,دارویی‌ رازک‌,12060.0,12030.0,12030.0,75,211547.0,2548414690.0,11900.0,12300.0,12030,1,43,12630.0,11430.0,0.0,0.0,2100000000.0,25263000000000,11950.0,419.0,12190.0,1498.0,11910.0,600.0,12300.0,1581.0,11930.0,600.0,12260.0,4346.0,11940.0,1000.0,12200.0,16795.0,11900.0,2786.0,12330.0,6000.0,20.0,3.0,33976.0,177571.0,47.0,1.0,201547.0,10000.0,0.1606073354857313,0.9527291807494316,409294093.07359594,2427949039.8135166,20464704.653679796,51658490.20879822,0.39615375073804127
188,22260326095996531,IRO1HTOK0001,حتوكا,حمل‌ونقل‌توکا,15690.0,15810.0,16170.0,265,1077457.0,17033258230.0,15200.0,16170.0,15400,1,60,16170.0,14630.0,0.05,0.026623376623376622,330000000.0,5217300000000,16170.0,3433323.0,16310.0,674.0,15990.0,2647.0,17640.0,624.0,16000.0,473476.0,16710.0,647.0,16160.0,500000.0,16470.0,1410.0,15740.0,7000.0,17910.0,337.0,61.0,3.0,544555.0,532902.0,136.0,2.0,973644.0,103813.0,0.5054076403977142,0.9036499832475913,8608738850.309246,15392103514.191397,141126866.39851224,113177231.72199556,1.2469545707317806
